1843 2788
378 127 466 167 EX
512 126 1005 168 ORATIONIBVS
1051 126 1486 168 DEPERDITIS

717 236 800 259 xm:
849 233 940 259 ΠΕΡΙ
974 233 1146 260 ΟΧΕΤΟΎ.

343 306 428 341 132.
466 295 708 348 ὀχετόκρανα
730 294 793 347 (=
811 296 880 337 τὰς
909 299 986 336 τῶν
1015 297 1166 348 ὀχετῶν
1196 294 1346 348 ἀρχάς).
1417 292 1593 348 [Pollux

269 378 313 405 x.
339 357 422 415 30]

674 445 773 468 xm'1.
823 442 928 471 ΠΡΟΣ
961 443 1191 470 ΠΑΓΚΑΛΟΝ.

343 515 429 550 133.
465 506 664 556 μαστῆρες
682 504 744 555 (=
763 504 864 558 ἀρχή
891 522 950 546 τις
975 504 1281 558 ἀποδεδειγμένη
1310 505 1373 546 ε’πὶ
1397 504 1442 544 τὸ
1469 505 1596 555 ζητεῖν

271 571 318 609 τὰ
345 572 455 610 κοινὰ
480 574 548 611 τοῦ
573 568 720 621 δήμου).
792 567 950 626 [Harp.
978 589 1004 615 ς.
1023 568 1077 623 v.]

647 687 762 711 van.
811 685 917 712 ΚΑΤΑ
950 684 1219 714 ΠΑΣΙΚΛΕΟΎΣ.

344 758 429 793 134.
468 747 540 789 ἕως
563 749 636 798 μὲν
662 749 697 788 οἱ
722 747 1014 788 πλουσιώτατοι
1034 749 1370 800 παρακρουόμενοι
1388 747 1458 798 τὴν
1479 747 1598 788 πόλιν

272 813 345 854 σὺν
364 813 481 854 πέντε
508 813 569 853 καὶ
595 812 640 864 ἓξ
660 817 986 866 τριηραρχοῦντες
1009 813 1148 866 μέτρια
1173 813 1404 864 ἀνήλισκον,
1425 814 1598 866 ἡσυχίαν

271 879 369 932 ἦγον
405 880 524 920 οὗτοι·
567 879 699 930 ἐπειδὴ
737 881 778 920 δὲ
815 883 935 920 ταῦτα
972 882 1140 921 κατιδὼν
1178 880 1441 932 Δημοσθένης
1476 881 1598 931 νόμον

272 946 386 996 ἔθηκε
401 946 491 988 τοὺς
505 951 527 986 τ’·
546 950 795 999 τριηραρχεῖν
810 946 870 986 καὶ
884 950 1043 998 βαρεῖαι
1056 947 1271 999 γεγόνασιν
1284 948 1322 987 αἱ
1335 948 1595 999 τριηραρχίαι,

273 1016 341 1053 νῦν
367 1014 386 1052 ὁ
412 1014 597 1065 Φορμίων
622 1011 740 1052 αὑτὸν
765 1012 981 1053 ἐκκλέπτει.
1054 1009 1207 1068 [Harp.
1233 1030 1263 1057 s.
1282 1030 1319 1056 v.
1348 1009 1574 1065 συμμορία.]

346 1088 430 1126 135.
469 1077 570 1129 ἄξιοι
586 1081 794 1130 μισεῖσθαι
812 1080 857 1135 τῇ
879 1080 1006 1120 πόλει.
1073 1075 1291 1130 [Priscian.
1310 1081 1428 1122 xviii.
1446 1081 1467 1135 ξ
1486 1075 1597 1133 191]

346 1146 432 1192 136.
471 1147 538 1186 ἐὰν
563 1145 604 1186 δέ
629 1163 686 1187 τις
713 1146 841 1186 ἕκδεια
866 1145 1038 1198 γένηται.
1113 1141 1266 1200 [Harp.
1289 1162 1321 1189 5.
1339 1162 1376 1189 v.
1403 1141 1562 1197 ἕκὸεια.]

458 1262 589 1286 XLVIII.
639 1259 743 1287 ΠΡΟΣ
776 1259 982 1287 ΠΑΣῙΚΛΕΑ
1016 1259 1107 1285 ΠΕΡΙ
1140 1258 1415 1287 ΑΝΤΙΔΟΣΕΩΣ.

637 1309 715 1350 (nisi
735 1309 852 1339 eadem
873 1309 916 1338 sit
938 1319 1011 1339 cum
1029 1319 1075 1339 or.
1096 1310 1221 1348 XLVII.)

348 1384 432 1423 137.
471 1376 541 1427 τὴν
573 1377 701 1416 οἰκίαι·
730 1376 801 1426 τὴν
830 1375 1010 1428 μεγάλην
1039 1375 1109 1426 τὴν
1139 1376 1320 1427 Χαβρίου
1355 1374 1600 1426 καλουμένην

277 1443 338 1483 καὶ
363 1447 406 1484 τὸ
431 1442 624 1496 ἄμφοδον.
698 1444 873 1498 [Pollux
897 1445 957 1484 ix.
981 1438 1064 1498 36]

487 1559 585 1582 XLIX.
637 1556 741 1582 ΚΑΤΑ
775 1555 1069 1584 ΠΑΤΡΟΚΛΕΟὙΣ
1102 1555 1392 1585 ΠΡΟΑΓΩΓΕῙΑΣ.

830 1604 874 1646 (εἴ
888 1606 1049 1646 γνήσιος.)

350 1675 437 1721 138.
473 1673 577 1725 (τοὺς
620 1672 908 1725 Ἀρεοπαγίτας
950 1673 1077 1725 φησὶν
1119 1673 1389 1725 ἀρίστησαντά
1430 1689 1519 1713 τινα
1561 1674 1603 1713 ἐν

279 1742 476 1795 καπηλείῳ
515 1743 690 1780 κωλῦσαι
725 1738 875 1780 ἀνιέναι
914 1741 968 1781 εἷς
998 1738 1159 1790 ’Ἄρειον
1195 1739 1350 1792 πάγον).
1424 1736 1601 1792 [Athen.

276 1809 367 1859 xiii,
390 1823 430 1862 p.
455 1809 537 1859 566
556 1803 610 1858 R]

353 1886 437 1921 139.
477 1875 511 1913 οἱ
542 1875 583 1913 δὲ
615 1871 729 1912 ἐννέα
758 1872 947 1925 ἄρχοντες
978 1875 1181 1913 εἱστιῶντο
1211 1874 1253 1913 ἐν
1277 1874 1323 1929 τῇ
1356 1878 1467 1928 στοᾷ,
1495 1889 1601 1924 περι-

280 1939 529 1993 φραξάμενοί
550 1957 586 1979 τι
611 1939 727 1991 μέρος
751 1939 869 1989 αὐτῆς
894 1939 1049 1993 αὐλαίᾳ.
1123 1938 1301 1998 [Pollux
1325 1942 1376 1984 iv.
1405 1939 1518 1997 122]

352 2019 438 2052 140.
475 2006 661 2058 μητρυιάν
685 2005 746 2056 (=
763 2004 989 2055 vitricum).
1063 2005 1241 2064 [Pollux
1264 2008 1319 2050 iii.
1346 2005 1431 2064 27.]

352 2084 438 2118 141.
475 2069 830 2124 Νάννιον(ἑτ·αίρα).
873 2071 1603 2129 [ΗᾶιῬ.5.’ῖ1.;Αῒ116η.Χίῐί.587ᾼ.]

352 2152 435 2186 142.
473 2138 631 2190 Νεμεάς
666 2137 888 2191 (αὐλητρίς).
964 2137 1126 2195 [Harp.
1159 2153 1273 2189 s.v.;
1317 2140 1481 2181 Athen.
1518 2141 1606 2180 xiii.

280 2200 360 2254 587
381 2197 443 2256 C·]

354 2276 438 2310 143.
477 2263 677 2314 πάνδημος
702 2262 931 2315 Ἀφροδίτη.
1007 2261 1165 2320 [Harp.
1188 2278 1219 2305 s.
1237 2261 1297 2319 τὰ]

330 2384 388 2413 134
415 2373 577 2413 σιἰμπεντε
595 2373 644 2405 καὶ
663 2371 696 2412 ἓξ
709 2372 761 2403 vel
778 2371 942 2411 σύμπεντε
960 2371 1010 2404 καὶ
1030 2370 1124 2411 σύνεξ
1136 2370 1287 2402 nonnulli
1376 2369 1505 2412 μέτρια]
1523 2370 1608 2409 ματὰ

284 2418 355 2459 τρία
371 2417 424 2448 vel
441 2418 524 2457 μετὰ
540 2417 611 2455 τρία
629 2416 724 2447 codd.
