1843 2788
386 136 474 176 EX
518 133 1013 177 ORATIONIBVS
1058 135 1498 177 DEPERDITIS

647 243 728 267 xm.
778 241 883 270 ΠΡΟΣ
916 241 1248 270 ΑΡΙΣΤΟΓΕΙΤΟΝΑ.

339 309 420 345 .27.
453 301 609 342 Latine
631 300 735 341 citat
759 300 947 340 Rutilius
971 301 1120 353 Lupus
1139 301 1178 353 (i.
1201 304 1293 355 19):
1328 301 1470 355 ‘Quid
1492 316 1517 342 a
1539 315 1608 343 me

289 371 457 423 saepius
484 370 548 410 his
574 369 715 410 verbis
742 368 796 408 de
826 381 922 409 meo
949 368 1091 410 officio
1120 370 1329 422 requiris?
1391 369 1607 422 Scripsisti

290 446 335 479 ut
364 439 495 480 servis
525 437 701 478 libertas
729 437 933 477 daretur?
997 436 1169 490 Scripsi,
1193 451 1243 478 ne
1277 437 1397 479 liberi
1429 439 1605 480 servitu-

289 515 376 548 tem
400 506 710 559 experirentur.
754 504 975 557 Scripsisti
995 512 1041 545 ut
1060 505 1229 546 exsules
1252 506 1606 548 restituerentur?

290 575 464 627 Scripsi,
495 580 541 614 ut
575 587 627 614 ne
665 573 760 626 quis
791 573 946 614 exsilio
978 572 1230 616 afficeretur.
1293 574 1433 628 Leges
1465 576 1607 630 igitur,

289 657 398 697 quae
415 642 702 696 prohibebant
721 641 839 691 haec,
856 654 995 682 nonne
1020 641 1223 696 legebas?
1276 643 1376 684 Non
1395 652 1607 696 poteram,

289 719 510 766 propterea
533 711 648 764 quod
673 710 824 751 litteris
846 724 991 751 earum
1015 724 1135 751 arma
1155 711 1445 753 Macedonum
1468 727 1604 766 oppo-

288 779 370 819 sita
389 776 658 818 officiebant!
711 776 878 816 Eadem
899 775 1062 816 Graece
1078 778 1195 830 apud
1212 778 1370 818 varios:
1399 778 1606 829 ἐρωτηθεὶς

289 843 322 883 εἰ
359 842 511 893 ἔγραψε
544 841 633 882 τοὺς
665 840 828 881 δούλους
862 839 1090 892 ἐλευθέρους
1125 840 1236 887 εἶναι,
1264 842 1356 894 ἔφη,
1389 844 1452 883 ἵνα
1483 843 1534 893 μὴ
1570 845 1606 884 οἱ

290 907 488 959 ἐλεύθεροι
521 907 761 947 δουλεύωσιν
795 905 959 963 [Anon.
992 907 1079 957 περὶ
1113 907 1369 959 ἀποκρίσεως,
1406 911 1605 965 Spengel,

290 975 419 1016 Rlcee‘.
448 975 526 1015 Gr.
550 975 573 1014 i.
602 970 717 1030 168].
759 971 848 1011 Ὕπ.
865 971 1025 1024 γράψας
1040 974 1137 1022 μετὰ
1153 974 1397 1026 Χαιρώνειαν
1414 976 1502 1016 τοὺς
1522 976 1602 1015 ἀτί-

289 1056 383 1089 μους
400 1040 600 1089 ἐπιτίμους
616 1038 727 1084 εἶναι,
740 1069 747 1077 .
769 1069 775 1077 .
797 1069 803 1077 .
820 1037 927 1090 (ἔφη)
943 1039 1048 1080 ὅπως
1064 1038 1112 1078 ἂν
1128 1038 1420 1090 ὁμονοήσαντες
1436 1040 1606 1084 ἅπαντες

289 1107 382 1157 ὑπὲρ
399 1107 466 1155 τῆς
482 1105 667 1156 πατρίδος
684 1105 949 1156 ἀγωνίσαιντο
968 1103 1135 1161 [Anon.
1151 1108 1206 1148 ad
1223 1108 1432 1162 Hermog.
1450 1110 1605 1162 iv.7o7,

289 1172 437 1221 Walz3
464 1173 778 1226 pseudo-Dem.
800 1179 932 1213 contr.
951 1172 1142 1226 Aristog.
1161 1173 1201 1224 ii,
1219 1174 1239 1227 ξ
1260 1171 1344 1230 11].
1399 1174 1606 1215 ἐπεσκότει

289 1254 354 1287 μοι
378 1239 424 1277 τὰ
451 1237 693 1277 Μακεδόνων
718 1237 823 1276 ὅπλα
855 1235 1009 1293 [Vitae
1031 1238 1082 1278 Χ
1103 1238 1352 1289 Craterum,
1373 1255 1414 1294 p.
1439 1242 1519 1294 849
1538 1239 1602 1297 A].

360 1304 420 1343 28.
457 1303 524 1344 οὐκ
558 1303 634 1354 ἐγὼ
671 1302 714 1342 τὸ
746 1300 942 1354 ψήφισμα
978 1302 1148 1354 ἔγραψα,
1183 1303 1205 1353 ἡ
1244 1303 1274 1343 δ’
1308 1306 1350 1345 ἐν
1384 1307 1605 1360 Χαιρωνείᾳ

289 1369 410 1423 μάχη.
481 1371 496 1424 [
514 1371 633 1412 ἶί’ἴα6
655 1370 706 1410 ‘Y
729 1369 853 1411 Orat.
877 1384 917 1423 p.
937 1369 1018 1423 849
1038 1371 1100 1424 A.]

360 1448 419 1482 29.
457 1436 562 1477 ὅπως
581 1438 735 1486 πρῶτον
758 1436 830 1484 μὲν
855 1433 1040 1484 μυριάδας
1060 1436 1219 1478 πλείους
1238 1433 1260 1486 ἦ
1280 1436 1491 1478 δεκάπεντε
1516 1438 1604 1480 τοὺς

288 1500 468 1553 <bomem
493 1499 601 1552 τοὺς)
627 1502 668 1541 ἐκ
693 1504 771 1540 τῶν
801 1500 926 1552 ἔργων
951 1504 1028 1541 τῶν
1059 1501 1274 1554 ἀργυρείων
1300 1504 1361 1543 καὶ
1387 1504 1477 1546 τοὺς
1507 1506 1605 1544 κατὰ

288 1568 358 1618 τὴν
385 1567 513 1618 ἄλλην
538 1568 683 1621 χώραν,
711 1566 845 1607 ἔπειτα
869 1567 958 1609 τοὺς
981 1568 1220 1619 ὀφείλοντας
1249 1573 1301 1624 τῷ
1334 1572 1510 1625 δημοσίῳ
1542 1571 1604 1611 καὶ

287 1634 375 1676 τοὺς
400 1635 558 1685 ἀτίμους
584 1634 646 1674 καὶ
674 1633 764 1674 τοὺς
794 1632 1154 1685 ἀπεψηφισμένους
1185 1636 1246 1676 καὶ
1275 1636 1364 1678 τοὺς
1389 1639 1604 1688 μετοίκους.

289 1699 432 1758 [Suid.
457 1703 481 1742 i.
509 1714 544 1753 1,
565 1715 607 1755 p.
630 1701 728 1754 562,
755 1713 817 1753 19,
840 1699 1128 1758 Bernhardy]

356 1778 419 1814 30.
458 1766 519 1806 καὶ
543 1767 630 1807 οὐδὲ
654 1766 696 1805 ἐκ
720 1767 789 1815 τῆς
813 1766 1022 1816 παρ’ὁιμίας
1048 1766 1215 1807 δύνασαι
1239 1768 1454 1818 μανθάνειν
1477 1770 1522 1810 τὸ
1551 1771 1603 1821 μὴ

289 1837 409 1873 κινεῖν
435 1833 554 1873 κακὸν
579 1832 620 1873 εῧ
647 1832 835 1881 κείμενον.
908 1830 1073 1889 [Schol.
1098 1834 1207 1875 Plat.
1231 1849 1271 1889 p.
1295 1837 1377 1891 382
1402 1836 1559 1894 Bekk.]

355 1911 417 1946 31.
457 1899 518 1939 καὶ
537 1899 696 1950 ἔφασαν
716 1899 757 1938 ἐν
773 1898 898 1953 Οἰνόῃ
918 1898 1097 1944 ἀκοῦσαι,
1119 1899 1179 1939 ὅτι
1197 1899 1304 1954 μάχη
1326 1903 1383 1951 εἵη
1404 1907 1602 1954 γεγονυῖα.

287 1968 447 2020 [Harp.
469 1982 502 2008 s.
519 1981 558 2007 v.
581 1955 741 2020 Οἶνόη.]

356 2043 417 2078 32-
458 2031 518 2071 καὶ
537 2033 586 2071 τὰ
605 2029 787 2084 χρήματα
806 2029 854 2070 τά
872 2047 914 2071 τε
934 2031 1016 2081 ἱερὰ
1035 2030 1097 2071 καὶ
1115 2033 1163 2072 τὰ
1183 2033 1289 2074 ὅσια.
1342 2033 1498 2092 [Harp.
1515 2051 1548 2078 s.
1565 2052 1602 2078 v.

286 2093 431 2150 ὅσιον]

328 2215 367 2244 27
400 2205 491 2247 mco]
518 2206 629 2238 medio
653 2208 761 2243 codd.v
783 2218 866 2239 corr.
885 2208 1082 2248 Stephanus
1193 2209 1345 2250 daretur]
1372 2211 1468 2241 detur
1492 2211 1600 2244 codd..

285 2258 369 2280 corr.
391 2249 508 2288 Steph.
633 2251 761 2291 Scripsi
779 2275 786 2282 .
805 2275 812 2282 .
834 2276 841 2283 .
861 2252 1004 2293 Scripsi]
1029 2253 1199 2293 Scripsisti
1216 2277 1224 2284 .
1244 2277 1252 2284 .
1271 2277 1278 2284 .
1300 2254 1471 2293 Scripsisti
1490 2255 1600 2291 codd.‚

286 2302 368 2322 corr.
385 2292 556 2324 Ruhnken
624 2304 735 2325 nonne
750 2295 902 2335 legebas]
920 2306 984 2326 non
999 2296 1195 2336 negligebas
1209 2297 1319 2335 codd.‚
1335 2307 1418 2328 corr.
1433 2297 1601 2328 Ruhnken

285 2335 488 2376 officiebant]
509 2336 716 2368 obsistebant
729 2339 837 2377 codd.⁷
851 2349 934 2370 corr.
950 2339 1120 2370 Ruhnken
1232 2350 1273 2379 29
1297 2340 1428 2372 δούλους
1444 2341 1518 2373 τοὺς
1536 2341 1599 2371 ins.

285 2378 320 2410 S.
341 2378 378 2408 Β.
469 2379 651 2422 μετοίκους]
671 2382 817 2415 ἀποίκους
835 2382 941 2417 codd.q
962 2392 1047 2414 corr.
1069 2383 1220 2414 Schmidt

328 2442 410 2465 HYP.
1455 2440 1474 2471 5
