1843 2788
718 132 1156 173 CITATIONES

347 254 408 289 33.
444 240 524 295 (καὶ
564 241 824 293 Δημοσθένης
861 244 1017 292 μᾶλλον
1052 241 1281 294 (Ὑπερείδου
1320 240 1598 295 ζὲξείργασται]

278 308 348 359 την
388 306 654 360 γεγενημένην
694 307 918 358 Ἀθηναίοις
956 307 1145 362 ταραχήν,
1186 310 1250 349 ὅτε
1292 309 1384 359 ἧκεν
1427 309 1598 361 ἑσπέρας

278 374 490 427 ἀγγέλλων
509 391 565 416 τις
591 374 641 417 ὣς
661 374 749 417 τοὺς
770 373 974 427 πρυτάνεις
995 375 1045 417 ὡς
1064 375 1086 425 ἡ
1107 375 1294 416 Ἐλάτεια
1315 374 1597 425 κατείληπται).

280 441 465 499 [The0n,
487 443 618 496 Prog.
642 442 667 482 i.
691 456 730 495 p.
757 443 835 495 167
858 439 1019 498 Walz]

347 520 407 555 34.
447 506 662 559 γαλεάγρα.
736 506 918 564 [Athen.
951 509 1039 550 xiv.
1077 511 1226 558 616e3
1267 509 1320 561 cs.
1354 508 1514 550 Pollux
1552 524 1595 551 X.

283 565 396 622 155]
813 630 819 632 Α

347 641 409 678 35.
449 630 730 682 Εὐρυσάκειον.
804 630 1093 688 [Ηᾶῑρ.,ς.ῖ’.]

348 700 409 745 36.
450 698 645 748 Κεκροπίς
670 699 853 754 (tribus).
908 696 1070 754 [Harp.
1093 697 1201 755 s.v.]

347 773 409 811 37.
448 764 665 815 ναύκληρος
689 764 766 814 ζέπὶ
791 767 859 803 τοῦ
887 762 1187 814 μεμισθωμένου
1212 765 1276 804 ἐπὶ
1302 768 1353 818 τῷ
1379 765 1426 803 τὰ
1451 766 1600 806 εἰόίκια

278 830 456 882 ἐκλέγειν
480 827 502 880 ἦ
529 831 651 871 οἰκίας
677 827 699 881 ἦ
726 827 949 878 συνοικίας).
1024 829 1182 888 [Harp.
1204 845 1234 872 s.
1252 829 1309 888 zu]

346 898 407 944 38.
447 897 585 947 Οἱνηίς
610 897 795 951 (tribus).
861 895 1015 954 [Harp.
1038 894 1143 952 ὧν]

347 975 408 1010 39.
447 963 563 1015 ὀρθῆς
588 965 629 1003 δὲ
655 964 722 1012 τῆς
753 962 907 1004 πόλεως
937 962 1058 1011 οὔσης
1089 961 1152 1001 ἐπὶ
1180 962 1331 1003 τούτοις
1354 964 1420 1011 ([=
1447 979 1595 1013 κεκινη-

278 1027 422 1081 μένης).
489 1030 703 1088 [Photius,
726 1031 828 1071 Lex.
851 1045 882 1071 s.
899 1045 937 1071 v.
965 1026 1116 1086 ὀρθῆς]

503 1123 578 1146 xm
628 1119 734 1146 ΚΑΤΑ
766 1118 1074 1146 ΑΡΙΣΤΟΦΩΝΤΟΣ
1107 1118 1374 1146 ΠΑΡΑΝΟΜΩΝ.

347 1189 410 1222 40.
446 1173 735 1230 (κεκωμῴδηται
755 1175 775 1213 ὁ
795 1174 1049 1226 Ἀριστοφῶν
1070 1173 1120 1215 ὡς
1139 1175 1234 1225 ὑπὲρ
1255 1173 1435 1225 Χάρητος
1459 1176 1603 1225 μισθοῦ

279 1243 421 1295 λέγων,
462 1244 524 1283 καὶ
561 1243 611 1284 ὡς
648 1242 884 1293 παρανόμων
920 1242 1076 1293 γραφὰς
1112 1245 1154 1281 ὄὲ
1191 1241 1411 1293 πεφευγώς,
1452 1241 1514 1281 καὶ
1551 1241 1602 1283 ὡς

280 1308 561 1362 στρατηγήσας
592 1310 634 1349 ἐν
665 1307 751 1362 Κέῳ
788 1307 849 1347 καὶ
883 1309 946 1347 διὰ
979 1308 1299 1361 φιλοχρηματίαν
1335 1309 1468 1348 πολλὰ
1505 1309 1602 1347 κακὰ

280 1376 550 1429 ἐργασάμενος
588 1375 678 1416 τοὺς
716 1376 974 1420 ἐνοικοῦντας,
1017 1373 1081 1426 ἐφ’
1119 1372 1147 1428 ᾧ
1189 1374 1357 1426 γραφεὶς
1397 1373 1472 1414 ὑπὸ
1510 1373 1600 1415 Ὕπ.

281 1443 514 1495 παρανόμων
541 1440 658 1482 ἑάλω.
731 1440 833 1492 φησὶ
863 1439 895 1480 δ’
921 1439 1040 1481 αὐτὸν
1065 1435 1156 1480 ιὙπ.
1186 1441 1247 1480 καὶ
1271 1439 1486 1491 Ἀρδηττὸν
1517 1441 1598 1481 ἐπι-

281 1512 485 1559 κληθῆναι,
513 1510 576 1549 διῑῑ
601 1511 644 1547 τὸ
675 1506 870 1548 πολλάκις
901 1507 1036 1547 αὐτόθι
1066 1506 1360 1558 ἐπιωρκηκέναι.
1434 1506 1601 1565 [Schol-

281 1569 485 1611 Aeschin.
515 1581 550 1608 1.
575 1565 664 1623 64]

349 1645 410 1679 41.
451 1632 529 1673 οἶδε
550 1634 623 1685 γὰρ
643 1632 744 1685 αὑτῷ
763 1630 975 1681 δεδομένην
995 1630 1128 1672 ἄδειαν
1145 1630 1207 1670 καὶ
1223 1629 1406 1682 πράττειν
1423 1631 1487 1671 καὶ
1507 1630 1600 1682 γρά-

280 1707 371 1753 φειν
388 1701 409 1740 ὅ
424 1717 462 1740 τι
477 1698 524 1740 ἂν
541 1699 724 1752 ἔμβραχυ
740 1698 949 1748 βούληται.
985 1697 1153 1756 [Schol.
1173 1699 1279 1740 Plat.
1295 1698 1430 1753 p‚384
1447 1695 1602 1754 Bekk.]

349 1778 409 1812 42.
448 1761 644 1819 μοιχίδιον
668 1763 815 1815 (Ξτὸν
843 1765 883 1804 ἐκ
907 1767 1050 1817 μοιχοῦ
1075 1762 1391 1816 γεγεννημένον).
1454 1762 1600 1821 [Phot.

279 1836 381 1875 Lex.
403 1848 434 1875 s.
450 1849 502 1884 v„
525 1833 576 1875 cf.
601 1833 791 1874 Antiatt.
814 1833 855 1872 in
880 1832 1014 1872 Bekk.
1038 1830 1199 1872 Auecd.
1225 1845 1265 1884 p.
1293 1832 1386 1871 108.
1413 1827 1469 1887 1.]

349 1911 411 1945 43.
447 1898 710 1949 μονοπώλιον.
789 1896 969 1955 [Pollux
993 1898 1061 1938 vii.
1089 1898 1172 1951 IL]

349 1979 410 2012 44.
450 1967 604 2007 Latine
635 1966 752 2019 apud
777 1964 990 2005 Rutilium
1016 1961 1062 2019 [i.
1086 1963 1155 2016 4]:
1190 1964 1331 2004 ‘Nam
1363 1977 1462 2004 cum
1493 1969 1604 2004 cete-

281 2050 425 2077 rorum
463 2035 708 2088 opinionem
751 2033 896 2074 fallere
936 2032 1116 2081 conaris,
1153 2039 1199 2072 tu
1240 2038 1329 2073 tete
1373 2031 1602 2072 frustraris.

280 2107 380 2146 Non
414 2105 527 2145 enim
558 2104 730 2156 probas,
763 2116 862 2144 cum
893 2109 936 2142 te
972 2115 1051 2155 pro
1081 2108 1228 2143 astuto
1259 2101 1496 2154 sapientem
1529 2115 1603 2155 ap-

282 2175 430 2229 pelles,
453 2187 531 2227 pro
553 2171 798 2213 confidente
821 2170 988 2223 sortem,
1011 2184 1090 2224 pro
1122 2169 1318 2210 illiberali
1350 2169 1605 2223 diligentem

324 2292 366 2321 33
391 2281 468 2311 Huc
486 2280 589 2310 refert
607 2279 782 2318 Kiessling
894 2278 964 2318 ὅτε]
984 2279 1032 2310 ὅτι
1051 2277 1148 2308 VValz
1303 2288 1344 2316 34
1370 2276 1420 2307 Cf.
1442 2276 1525 2316 frag.
1544 2287 1607 2316 239

283 2337 323 2364 40
346 2325 471 2365 γραφὰς
488 2323 538 2363 ο-ε]
557 2323 685 2363 γραφὴν
703 2323 793 2358 cod.‚
814 2331 897 2352 corr.
918 2322 1056 2361 Sauppe
1075 2331 1118 2351 ex
1137 2321 1299 2352 Aeschin.
1312 2331 1342 2359 3.
1363 2331 1422 2359 194
1511 2333 1607 2360 παρα-

284 2369 402 2408 νόμων]
429 2367 495 2398 del.
519 2366 650 2396 Meier:
682 2366 754 2407 παρ’
781 2365 896 2406 ὀλίγον
921 2365 1005 2397 ἑάλω
1031 2364 1221 2403 Hunziker‚
1247 2364 1288 2395 ef.
1308 2374 1355 2394 or.
1382 2363 1424 2402 iv,
1458 2364 1544 2402 528,
1572 2368 1606 2393 et

285 2411 445 2443 Aesehin.
465 2421 494 2449 3.
519 2420 577 2448 194
711 2420 751 2447 44
771 2409 916 2439 (litatum
935 2413 987 2439 est
1005 2409 1104 2439 etiam
1123 2408 1211 2447 apud
1229 2407 1473 2446 Quintilianum
1492 2406 1554 2446 (ix.
1572 2417 1602 2445 3.

287 2456 354 2494 65Ὗ.
408 2454 483 2484 Huc
501 2454 603 2483 refert
622 2452 799 2491 Kiessling
