1843 2788
687 143 1092 185 PRAEFATIO

233 259 478 311 imprimere
506 258 671 299 curabit
694 275 703 307 3
749 258 786 298 ei
821 264 967 298 autem
994 258 1066 311 qui
1103 257 1231 298 verba
1258 257 1436 298 oratoris
1464 257 1551 298 sine

234 316 439 357 molestiis
470 316 630 370 legenti
671 328 935 381 praeponere
970 315 1090 368 cupit
1126 316 1228 356 satis
1265 314 1343 356 erit
1379 314 1477 363 μετὰ
1511 314 1552 354 δὲ

233 390 354 414 rat-ra
368 374 456 414 sine
472 387 590 414 unc1s
605 386 862 426 imprimere
922 372 1019 412 Hoc
1034 373 1165 425 igitur
1181 372 1283 419 feci3
1307 372 1551 424 ubicunque

232 437 348 471 certa
384 438 449 472 est
487 430 658 471 lacunas
699 430 908 482 implendi
954 430 1072 470 1atio.
1105 430 1227 483 signa
1268 429 1552 470 dubitationis

233 489 369 535 omisi,
421 495 464 529 et
507 488 578 537 καί,
629 487 725 539 ἄυθρ
729 504 846 535 ωτι-ος,
897 485 926 526 ὠ
972 486 1109 538 ἄνδρες
1156 487 1340 527 δικασταί
1384 486 1552 535 similia,

231 546 376 599 potius
401 559 531 598 quan]
562 542 648 600 κα[ι
641 541 685 600 ',]
707 541 1007 600 ἄυ[θρω]πος,
985 548 1013 583 ὼ
1037 545 1084 583 ἄι
1091 541 1196 599 [ὃρες
1217 540 1434 599 δικασ]ταί,
1449 545 1552 584 dare

233 603 376 644 malui.
437 602 524 642 Vbi
545 610 691 643 autem
716 602 903 642 dubitari
926 608 1084 653 potest,
1106 614 1236 641 uncos
1258 601 1426 652 retinui,
1446 608 1488 642 et
1511 602 1552 641 in

231 660 544 701 commentario
565 660 829 700 coniecturas
857 659 1021 699 auctori
1049 672 1146 698 suas
1177 659 1330 711 cuique
1352 659 1551 705 tribuere,

234 725 278 759 ut
325 732 402 770 par
437 724 512 767 est,
550 724 729 757 conatus
769 730 877 756 sum.
944 716 1075 756 Porro
1110 729 1206 756 cum
1245 716 1366 756 Blass
1406 729 1551 756 versus

232 776 381 828 quales
404 776 445 815 in
476 774 622 815 rotulis
648 775 793 827 scripti
826 781 924 814 sunt
958 773 1109 814 sedulo
1140 787 1339 826 separare
1372 780 1551 821 curaret,

231 847 312 886 ego
333 839 504 873 textum
520 833 784 881 continuum,
799 832 905 872 sicut
929 832 970 870 in
994 831 1302 880 Demosthene,
1324 830 1551 880 Aeschine,

233 890 504 942 Thucydide,
528 890 720 940 Platone,
743 889 1024 942 scriptoribus
1046 889 1198 929 ceteris
1220 888 1435 929 editorum
1458 901 1552 928 mos

231 954 305 997 est,
327 955 369 988 et
399 948 507 988 sicut
537 948 579 988 in
609 947 870 988 orationibus
892 946 1056 986 funebri
1079 952 1121 986 et
1148 946 1436 998 Euxenippea
1466 945 1549 986 iam

232 1005 421 1046 fecerunt
466 1004 618 1054 Cobet,
663 1004 944 1057 Comparetti.
986 1004 1070 1052 alii,
1112 1003 1356 1057 imprimere
1407 1002 1550 1043 malui.

231 1062 272 1102 V
276 1070 289 1103 t
306 1076 395 1103 rem
410 1063 596 1103 breviter
612 1062 850 1110 absolvam,
865 1061 1111 1102 testimonia
1134 1061 1371 1101 rotulorum
1387 1061 1551 1113 optime

233 1127 276 1161 et
308 1120 552 1173 plenissime
583 1120 798 1172 congessit
820 1120 969 1167 Blass;
1003 1132 1095 1172 ego,
1129 1132 1207 1170 pro
1242 1118 1403 1158 viribus
1432 1118 1551 1167 meis,

231 1179 361 1219 verba
379 1178 558 1218 oratoris
581 1177 814 1230 legentium
831 1177 966 1218 oculis
979 1176 1234 1229 simpliciter
1249 1175 1409 1217 deferre
1423 1175 1550 1216 volui.

291 1235 421 1288 Quod
455 1237 510 1276 ad
542 1235 843 1288 supplementa
877 1235 1067 1274 locorum
1101 1233 1352 1274 mutilorum
1384 1233 1551 1281 attinet,

230 1294 495 1334 coniecturas
525 1292 812 1345 multiplicare
834 1292 961 1332 nolui.
985 1298 1027 1332 et
1055 1291 1127 1331 ubi
1155 1293 1211 1332 de
1232 1304 1358 1331 sensu
1381 1297 1549 1331 constat

230 1351 361 1392 verba
384 1351 468 1391 iam
489 1351 545 1391 ab
567 1350 658 1391 aliis
681 1350 902 1402 proposita
924 1350 1115 1402 accipere
1137 1348 1266 1389 malui
1287 1361 1418 1401 quarn
1441 1361 1550 1388 nova

229 1408 284 1448 de
317 1422 412 1448 meo
444 1421 713 1461 proponere;
764 1421 850 1460 qua
882 1407 923 1447 in
957 1420 999 1447 re
1033 1407 1078 1445 F.
1115 1406 1234 1446 Blass
1266 1419 1367 1458 prae
1400 1406 1551 1446 ceteris

232 1465 377 1506 utilem
401 1473 529 1518 atque
551 1466 817 1518 ingeniosum
848 1466 1000 1513 inveni,
1022 1464 1182 1517 quippe
1208 1464 1281 1516 qui
1303 1463 1551 1503 testimonia

232 1537 499 1576 papyrorum
521 1524 590 1563 vel
614 1523 789 1563 minima
818 1524 981 1575 optime
1004 1522 1296 1562 observaverit
1316 1526 1359 1561 et
1381 1527 1550 1561 secutus

229 1581 295 1621 sit.
361 1581 408 1621 In
431 1582 608 1635 papyris
629 1581 729 1633 ipsis
751 1580 954 1633 legendis,
972 1579 1191 1620 oculorum
1214 1591 1407 1619 meorum
1428 1579 1549 1619 testi-

232 1639 376 1679 monio
409 1652 510 1679 usus
547 1652 668 1685 sum;
713 1638 955 1691 ubicunque
987 1644 1133 1678 tamen
1169 1636 1324 1677 iudicia
1354 1636 1549 1686 aliorum,

228 1697 301 1749 qui
331 1710 522 1750 papyros
549 1697 665 1749 ipsos
697 1696 988 1748 inspexerunt,
1011 1709 1034 1735 a
1062 1709 1158 1735 meo
1179 1695 1435 1747 discrepant,
1459 1707 1548 1734 rem

230 1755 271 1794 in
292 1755 604 1795 commentario
618 1755 777 1795 notavi.
831 1753 1015 1794 Rotulos
1033 1766 1182 1793 omnes
1198 1752 1338 1792 denuo
1356 1751 1516 1792 contuli
1539 1765 1547 1801 ;

230 1812 271 1851 id
309 1813 426 1864 quod
463 1813 692 1865 praecipue
724 1812 766 1852 in
801 1812 996 1851 oratione
1029 1817 1178 1851 contra
1209 1809 1547 1864 Athenogenem

229 1870 388 1921 scripta
412 1869 597 1911 fructum
621 1869 873 1910 nonnullum
897 1868 1055 1909 attulit.

287 1926 408 1968 Ordo
440 1928 682 1969 orationum
710 1941 806 1967 cum
834 1927 975 1967 nullus
1004 1926 1145 1967 adhuc
1174 1931 1341 1966 constet
1373 1922 1547 1979 (discre-

227 1992 330 2037 pant
353 1985 466 2025 enim
490 1985 599 2025 inter
620 1998 664 2025 se
685 1985 895 2025 editiones
926 1985 1173 2025 Blassianae
1192 1983 1327 2024 altera
1348 1989 1390 2022 et
1411 1983 1548 2031 tertia,

227 2055 366 2095 neque
387 2044 617 2095 quisquam
640 2050 809 2095 praeter
838 2055 936 2083 eum
969 2042 1183 2083 orationes
1212 2053 1360 2081 omnes
1382 2038 1547 2092 edidit),

227 2106 421 2153 tempora
439 2101 596 2153 quibus
618 2114 814 2153 quaeque
835 2100 983 2141 habita
1001 2099 1125 2140 fuerit
1147 2099 1330 2152 respexi.
1396 2097 1548 2149 Itaque

228 2158 416 2210 primum
468 2158 610 2199 locum
662 2159 827 2198 obtinet
887 2157 1214 2211 Lycophronea‚
1266 2169 1397 2209 quam
1449 2160 1547 2195 ante

227 2229 418 2269 pugnam
449 2215 794 2257 Chaeronensem
825 2214 956 2270 (anno
978 2230 1015 2256 a
1040 2215 1084 2256 C.
1110 2214 1210 2269 338)
1232 2213 1427 2254 habitam
1455 2225 1546 2252 esse

225 2273 351 2314 docet
379 2273 658 2314 Hermannus
692 2273 852 2328 Hager,
873 2287 971 2314 cum
1001 2279 1151 2326 postea
1182 2271 1265 2313 dici
1295 2285 1381 2312 non
1401 2276 1546 2324 posset

225 2332 342 2382 quod
374 2331 415 2371 in
449 2343 567 2372 012
602 2333 766 2372 dictum
803 2338 877 2378 est,
909 2331 1124 2371 actionem
1163 2343 1273 2382 quae
1309 2327 1546 2380 εἰσαγγελία

225 2390 472 2430 nominatm
512 2390 603 2429 sine
644 2390 834 2441 peliculo
875 2389 1134 2429 accusatmis
1171 2401 1272 2428 esse.
1356 2385 1543 2426 Causam

867 2475 900 2498 V}
