1843 2788
573 125 736 163 ὙΠΕΡ
784 123 1205 164 ΕΎΞΕΝῘΠΙἸΟΎ

229 231 307 268 τῶν
343 229 518 267 πολιτῶν
553 225 780 278 γράψαντες
816 223 872 275 (ἐκ
909 223 1064 265 πάντων
1100 225 1174 276 γὰρ
1212 224 1274 263 καὶ
1309 220 1549 273 τάδικήματα

229 297 349 334 ταῦτα
380 291 524 345 γένοιτ’
554 291 628 343 ἄν),
657 295 700 331 τὸ
735 293 776 332 δὲ
808 293 1033 331 τελευταῖον
1065 294 1134 330 τοῦ
1166 291 1285 340 νόμου
1318 288 1399 329 κατ’
1424 289 1549 328 αὐτῶν

230 363 308 400 τῶν
330 360 519 412 ῥητόρων,
541 357 630 410 παρ’
652 358 710 400 οἷς
735 357 845 398 ἔστιν
871 357 932 397 καὶ
956 356 1000 397 τὸ
1024 355 1194 409 γράφειν
1217 357 1265 396 τὰ
1289 357 1548 408 ψηφίσματα.

231 427 442 477 ἐμαίνεσθε
475 427 549 478 γὰρ
583 424 642 471 ἄν,
670 426 703 465 εἰ
736 423 862 464 ἄλλον
893 425 980 464 τινὰ
1008 423 1153 475 τρόπον
1178 426 1244 463 τὸν
1269 423 1392 473 νόμον
1415 425 1551 461 τοῦτον

192 515 209 545 5
230 492 370 533 ἔθεσθε
403 489 426 542 ἢ
460 492 594 534 οὕτως·
632 492 665 532 εἰ
695 492 764 532 τὰς
795 492 868 541 μὲν
892 491 1005 541 τιμὰς
1031 490 1092 530 καὶ
1117 491 1186 531 τὰς
1216 489 1393 541 ὠφελίας
1418 489 1460 528 ἐκ
1485 491 1553 528 τοῦ

228 559 363 612 λέγειν
388 559 424 599 οἱ
447 556 608 610 ῥήτορες
634 560 880 610 καρποῦνται,
902 556 992 598 τοὺς
1016 558 1058 597 δὲ
1084 556 1282 598 κινδύνους
1304 556 1400 607 ὑπὲρ
1426 555 1571 606 αὐτῶν,

230 629 312 668 τοῖς
355 625 523 667 ἰδιώταις
565 623 790 674 ἀνεθήκατε.
860 622 950 664 ἀλλ’
993 623 1096 674 ὅμως
1138 622 1389 663 Πολύευκτος
1430 622 1553 662 οὕτως

230 692 341 733 ἐστὶν
366 692 554 744 ἀνδρεῖος,
576 691 680 732 ὥστε
706 691 963 742 εἰσαγγελίαν
988 690 1137 730 διώκων
1162 689 1230 729 οὐκ
1255 689 1331 741 ἔφη
1359 691 1440 728 δεῖν
1464 687 1554 729 τοὺς

232 759 452 811 φεύγοντας
494 762 547 812 τῷ
590 759 874 811 εἰσαγγελτικῷ
912 757 1017 810 νόμῳ
1054 758 1239 808 χρῆσθαι.
1313 754 1374 794 καὶ
1410 756 1446 795 οἱ
1481 756 1553 805 μὲν

176 845 214 869 10
231 825 350 866 ἄλλοι
378 824 522 867 πάντες
555 823 778 876 κατήγοροι,
806 824 899 864 ὅταν
932 823 1090 863 οἴωνται
1115 825 1196 862 δεῖν
1226 823 1266 862 ἐν
1295 825 1348 876 τῷ
1378 820 1552 875 προτέρῳ

232 893 340 946 λόγῳ
370 892 535 944 ὑφελεῖν
566 894 643 931 τῶν
668 889 897 942 φευγόντων
926 890 995 930 τὰς
1024 889 1257 941 ἀπολογίας,
1284 891 1396 928 τοῦτο
1429 903 1552 939 παρα-

234 958 460 999 κελεύονται
480 961 562 999 τοῖς
582 960 796 1002 δικασταῖς,
814 955 865 1006 μὴ
888 954 1041 996 ἐθέλειν
1061 955 1214 995 ἀκούειν
1233 958 1311 996 τῶν
1331 955 1552 1006 ἀπολογου-

231 1024 373 1076 μένων,
395 1023 463 1065 ἐάν
482 1041 585 1066 τινες
605 1022 679 1074 ἔξω
699 1026 767 1063 τοῦ
791 1023 912 1074 νόμου
935 1021 1124 1074 λέγωσιν,
1147 1021 1237 1062 ἀλλ’
1257 1022 1435 1062 ἀπαντᾶν
1459 1024 1556 1073 πρὸς

233 1094 281 1132 τὰ
305 1092 502 1144 λεγόμενα
534 1091 596 1131 καὶ
626 1090 799 1130 κελεύειν
829 1088 897 1130 τὸν
926 1089 1046 1140 νόμον
1076 1088 1403 1140 ἀναγιγνώσκειν·
1439 1087 1489 1127 σὺ
1515 1090 1555 1127 δὲ

178 1179 214 1210 15
233 1159 460 1199 τούναντίον
485 1157 556 1207 τὴν
581 1159 635 1199 εἷς
659 1156 747 1198 τοὺς
773 1157 912 1207 νόμους
939 1155 1169 1208 καταφυγὴν
1189 1156 1231 1195 ἐκ
1250 1157 1318 1205 τῆς
1337 1155 1556 1206 ἀπολογίας

233 1227 305 1266 οἴει
331 1227 412 1265 δεῖν
437 1223 664 1277 ἀφελέσθαι
690 1222 951 1272 Εὐξενίππου.

302 1292 378 1332 Καὶ
415 1295 511 1342 πρὸς
542 1292 694 1332 τούτοις
730 1289 820 1331 οὐδὲ
855 1292 1020 1340 βοηθεῖν
1053 1288 1191 1330 οὐδένα
1227 1288 1305 1341 φης
1342 1291 1422 1329 δεῖν
1454 1287 1556 1342 αὐτῷ

236 1358 323 1398 οὐδὲ
367 1358 658 1410 συναγορεύειν,
703 1358 808 1397 ἀλλὰ
852 1356 1098 1412 παρακελεύῃ
1141 1359 1222 1397 τοῖς
1261 1357 1464 1395 δικασταῖς
1505 1353 1557 1404 μὴ

237 1424 368 1465 θέλειν
402 1424 558 1465 ἀκούειν
587 1427 665 1464 τῶν
699 1423 1013 1475 ἀναβαινόντων.
1087 1423 1222 1462 καίτοι·
1244 1423 1284 1462 τί
1311 1422 1448 1461 τούτου
1480 1424 1558 1461 τῶν

179 1507 218 1529 20
238 1493 279 1532 ἐν
315 1497 362 1548 τῇ
398 1492 513 1531 πόλει
549 1490 715 1542 βέλτιον
750 1487 773 1540 ἢ
811 1490 1120 1541 δημοτικώτερόν
1157 1490 1256 1534 ἐστι,
1296 1491 1458 1529 πολλῶν
1495 1487 1557 1527 καὶ

237 1558 374 1599 ἄλλων
410 1561 540 1598 καλῶν
574 1559 710 1603 ὄντων,
743 1553 766 1606 ἢ
797 1557 944 1596 ὁπόταν
975 1573 1033 1597 τις
1064 1556 1217 1606 ἰδιώτης
1248 1557 1302 1597 εἰς
1331 1555 1466 1607 ἀγῶνα
1496 1554 1558 1594 καὶ

238 1626 416 1666 κίνδυνον
449 1626 648 1666 καταστὰς
679 1623 730 1674 μὴ
762 1624 920 1674 δύνηται
953 1624 1048 1675 ὑπὲρ
1083 1625 1221 1663 ἑαυτοῦ
1254 1623 1555 1674 ἀπολογεῖσθαι,

235 1691 359 1746 τούτῳ
384 1691 453 1732 τὸν
477 1691 727 1742 βουλόμενον
751 1694 828 1731 τῶν
853 1693 1026 1731 πολιτῶν
1051 1688 1197 1739 ἐξεῖναι
1227 1687 1434 1740 ἀναβάντα
1457 1692 1556 1739 βοη-

238 1761 359 1809 θῆσαι
397 1758 459 1798 καὶ
494 1758 584 1800 τοὺς
622 1758 810 1799 δικαστὰς
848 1757 943 1808 ὑπὲρ
982 1760 1049 1796 τοῦ
1083 1755 1312 1808 πράγματος
1346 1757 1393 1795 τὰ
1430 1755 1558 1795 δίκαια

180 1844 217 1875 25
237 1824 408 1876 διδάξαι;
447 1826 553 1865 ἀλλὰ
572 1824 617 1874 νὴ
638 1825 716 1864 Δία
736 1823 850 1864 αὐτὸς
875 1823 1035 1877 τοιούτῳ
1055 1822 1254 1874 πράγματι
1280 1822 1323 1861 οὐ
1348 1821 1555 1874 κέχρησαι,

236 1891 328 1932 ἀλλ’
355 1891 411 1931 ὅτ’
437 1892 603 1944 ἔφευγες
632 1890 700 1931 τὸν
730 1892 864 1943 ἀγῶνα
892 1889 956 1930 ὑπ’
982 1888 1246 1941 Ἀλεξάνδρου
1275 1892 1344 1928 τοῦ
1372 1888 1418 1939 ἐξ
1444 1889 1554 1934 Οἴου,

236 1958 329 1999 δέκα
353 1960 426 2010 μὲν
451 1958 692 2010 συνηγόρους
718 1958 758 1997 ἐκ
784 1959 853 2007 τῆς
879 1957 1064 2009 Αἰγηίδος
1089 1958 1219 2008 φυλῆς
1241 1954 1388 2012 ᾐτήσω,
1415 1956 1469 1996 ὧν
1496 1954 1557 1995 καὶ

237 2026 314 2078 ἐγὼ
349 2025 403 2067 εἷς
433 2024 480 2075 ἦν
509 2025 677 2076 αἱρεθεὶς
705 2023 780 2065 ὑπὸ
810 2026 895 2072 σοῦ,
921 2024 963 2063 ἐκ
993 2024 1034 2063 δὲ
1066 2026 1143 2063 τῶν
1175 2022 1312 2062 ἄλλων
1336 2021 1558 2073 Ἀθηναίων

238 2091 393 2134 ἐκάλεις
419 2092 482 2132 ἐπὶ
507 2091 552 2132 τὸ
577 2090 829 2143 δικαστήριον
854 2089 945 2132 τοὺς
969 2088 1247 2141 βοηθήσοντάς
1273 2105 1352 2129 σοι.
1425 2089 1487 2129 καὶ
1512 2089 1558 2128 τὰ

177 2177 217 2207 30
235 2160 307 2210 μὲν
333 2158 439 2198 ἄλλα
463 2160 503 2199 τί
530 2161 591 2198 δεῖ
617 2157 770 2210 λέγειν,·
809 2157 911 2211 αὐτῷ
942 2158 983 2197 δὲ
1012 2156 1135 2210 τούτῳ
1161 2159 1213 2211 τῷ
1239 2157 1361 2209 ἀγῶνι
1386 2159 1469 2197 πῶς
1496 2154 1557 2195 κέ-

225 2271 232 2277 ⁴
280 2279 299 2299 2
331 2268 403 2300 κατ’
429 2267 549 2308 αὐτῶν]
575 2269 659 2300 κατὰ
681 2271 746 2300 τῶν
768 2266 836 2304 „RK
857 2277 941 2297 corr·
957 2265 1010 2304 «ΕΞ
1165 2276 1183 2305 5
1216 2268 1244 2298 εἶ
1267 2265 1340 2305 &fl
1365 2279 1385 2303 η
1409 2278 1467 2297 τας
1489 2263 1556 2305 3²²,

237 2323 321 2343 corr.
341 2311 390 2349 fl*
501 2321 537 2350 17
562 2310 639 2352 φὴς]
668 2311 712 2342 ita
732 2311 812 2351 (non
831 2311 918 2351 φηις)
937 2320 1072 2349 semper
1096 2310 1129 2339 in
1146 2309 1195 2349 Ξ,
1216 2314 1249 2340 et
1271 2309 1302 2339 in
1327 2309 1400 2339 aliis
1425 2318 1559 2348 quoque

237 2355 377 2395 papyris
556 2364 596 2393 19
619 2354 734 2386 τούτου
752 2357 816 2386 τῶν
834 2354 907 2389 Cb.,
930 2353 956 2384 Β
973 2365 980 2385 t
1004 2353 1127 2385 τούτων
1142 2352 1179 2391 ,Η
1194 2365 1199 2384 :
1233 2352 1357 2384 τούτων
1374 2352 1426 2383 vel
1443 2352 1558 2383 τούτου

236 2400 312 2430 edd.
332 2402 410 2429 cett.
533 2399 575 2428 26
599 2402 875 2439 α’γωνατουεξουου
890 2396 960 2437 ᾘ*,
979 2406 1064 2428 corr.
1083 2395 1134 2434 ,πὶ
1256 2405 1296 2434 27
1322 2396 1491 2437 ΑιγηΙιδος,
1509 2405 1555 2426 se.

237 2443 387 2484 Αἰγηίδος
404 2440 462 2478 Ξῖ
488 2443 626 2484 Αἰγῇδος
645 2441 683 2475 Β,
704 2441 785 2472 illud
803 2442 983 2480 poeticum,
1004 2450 1071 2471 non
1089 2440 1247 2479 Atticum,
1267 2443 1428 2479 reputans

1579 121 1635 158 IV

1582 485 1670 538 [col.
1690 490 1711 523 7

1586 765 1629 791 10

1588 1158 1676 1211 [col.
1696 1163 1716 1197 8

1590 1302 1626 1327 ΙΙ

1589 1821 1676 1874 [col.
1695 1827 1717 1860 9

1591 1897 1631 1922 12
