1843 2788
757 133 1124 173 APPENDIX

337 233 448 275 Sunt
486 242 704 287 praeterea
741 234 980 287 fragmenta
1011 235 1095 276 alia
1131 237 1321 276 nondum
1359 236 1472 277 edita
1506 237 1602 289 plus

277 316 408 355 quam
438 304 768 356 quinquaginta,
794 316 977 356 quorum
1011 305 1200 357 exempli
1227 305 1368 357 gratia
1401 305 1600 346 nonnulla

279 372 347 411 hic
379 372 609 413 dabuntur.

342 485 355 511 1
366 474 403 512 6.
438 473 569 514 Initia
589 487 800 514 versuum.

678 576 943 600 xevaff....

675 642 936 666 τουκ....

675 697 980 746 τωιᾼρρ....

751 833 1035 868 .προτερ...

752 900 1035 938 .ῳνοικ...

754 966 1051 1001 .ωιμε....

341 1008 404 1049 18.

752 1091 977 1125 ..με...

754 1171 762 1179 .
790 1171 798 1180 .
825 1157 962 1192 γενετο
987 1173 995 1182 .
1027 1171 1034 1181 .
1063 1173 1071 1181 .

754 1238 761 1246 .
788 1209 830 1247 δε
855 1203 1050 1260 αμφο[τερ
1077 1239 1085 1248 .
1114 1239 1121 1248 .

755 1304 761 1312 .
788 1290 863 1328 χττη
893 1305 899 1313 .
931 1305 938 1313 .
967 1307 974 1315 .
1006 1306 1012 1313 .

342 1346 406 1386 19.

754 1397 1007 1449 .ὃεεξ...

754 1464 912 1516 ,πραξε
941 1497 948 1504 .
979 1497 1021 1505 ..

761 1688 767 1695 .
797 1654 973 1709 ἀ]κύρους
998 1654 1138 1707 ποῂεῖι·
1167 1689 1173 1696 .
1203 1689 1210 1696 .
1240 1689 1246 1696 .

339 1764 496 1806 Cetera
528 1766 592 1805 vel
628 1767 794 1808 minora
831 1776 943 1817 sunt,
975 1782 1110 1821 neque
1147 1768 1243 1821 plus
1279 1781 1410 1820 quam
1444 1768 1608 1810 litteras

280 1835 387 1874 duas
417 1840 557 1874 tresve
587 1835 815 1886 exhibent,
837 1849 976 1890 neque
1004 1837 1166 1890 aliquid
1193 1838 1246 1878 ad
1274 1844 1446 1878 textum
1475 1837 1607 1879 refici-

283 1904 442 1943 endum
467 1904 710 1956 profectura
734 1919 821 1945 esse
842 1906 1053 1947 videntur.

339 1971 608 2013 Addendurn
628 1981 689 2013 est
709 1982 932 2026 praeterea
950 1976 1067 2026 quod
1082 1974 1335 2015 Athenaeus
1350 1974 1445 2029 (xii.
1459 1985 1543 2025 552
1558 1974 1610 2027 D)

281 2037 406 2076 huius
428 2037 633 2078 orationis
656 2040 919 2080 mentionem
945 2040 1043 2081 facit
1062 2057 1070 2081 :
1109 2038 1254 2080 λεπτὸς
1270 2038 1302 2077 δ’
1322 2037 1368 2088 ἧι·
1385 2039 1446 2078 καὶ
1463 2041 1606 2079 Φιλιπ-

282 2101 407 2151 πίδης,
430 2100 514 2141 καθ’
536 2101 579 2141 οὗ
598 2103 721 2155 λόγος
746 2105 857 2144 ἐστὶν
876 2103 1082 2161 (Ὑπερείδῃ
1102 2109 1154 2159 τῷ
1173 2104 1321 2157 ῥήτορι,
1343 2105 1474 2157 λέγων
1493 2106 1610 2145 αὐτὸν

283 2168 351 2207 ἕνα
381 2170 458 2208 τῶν
484 2169 800 2220 πολιτευομένων
826 2170 937 2210 εἶναι.
1009 2169 1055 2220 ἦν
1081 2171 1114 2211 δ’
1142 2171 1302 2221 εὐτελὴς
1327 2171 1371 2211 τὸ
1403 2175 1517 2221 σῶμα
1547 2174 1609 2211 διὰ

281 2234 517 2284 λεπτότητα,
545 2235 595 2276 ὡς
621 2236 640 2274 ὁ
664 2235 893 2288 “Ύ“περείδης
919 2237 1009 2289 ἔφη.

1825 207 1833 457 -------ηᾼ
