1843 2788
198 118 221 173 1'
722 135 1087 172 ΎΠΕΡΕΙΔΟΎ

55 235 126 272 col·
151 232 214 285 12]
246 238 288 276 ἐκ
313 240 389 276 τῶν
415 239 484 275 τοῦ
510 237 726 288 κατηγόρου
752 239 953 287 διαβολῶν
978 236 1064 288 περὶ
1090 237 1183 287 ἐμοῦ
1208 236 1387 286 δικάζειν,
1409 237 1499 276 ἀλλ’
1525 236 1570 287 ἐξ

247 302 419 343 ἅπαντος
451 306 519 342 τοῦ
554 303 647 353 βίου
680 302 724 342 ὃν
759 302 943 352 βεβίωκα
976 301 1251 352 ἐξετάσαντας.
1321 305 1459 343 λαθεῖν
1492 305 1566 355 γὰρ

247 372 291 408 τὸ
325 371 477 419 πλῆθος
506 372 549 408 τὸ
581 368 767 420 ὑμέτερον
797 368 864 408 οὐκ
894 368 952 408 ἔνι
982 369 1070 409 οὔτε
1103 372 1275 421 πονηρὸν
1304 371 1399 409 ὄντα
1429 369 1568 410 οὐδένα

248 438 324 474 τῶν
354 436 396 475 ἐν
421 436 466 490 τῇ
493 436 609 475 πόλει
639 435 727 475 οὔτε
757 436 920 485 ἐπιεικῆ,
947 434 1039 475 ἀλλ’
1064 436 1084 474 ὁ
1109 436 1391 487 παρεληλυθὼς
1423 436 1568 488 χρόνος

248 500 394 552 μάρτυς
427 501 535 542 ἐστὶν
568 500 721 555 ἑκάστῳ
754 505 822 540 τοῦ
853 502 998 552 τρόπου
1028 501 1328 553 ἀκριβέστατος,
1363 501 1498 543 ἄλλως
1526 518 1567 542 τε
1587 515 1604 546 5

178 586 217 621 15
250 567 295 617 δὴ
323 567 386 607 καὶ
410 567 498 619 περὶ
530 567 678 607 τούτων
707 571 784 608 τῶν
814 569 948 608 αἰτιῶν
978 569 1042 608 οἵα
1070 569 1164 618 αὕτη
1196 569 1317 608 ἐστίν.
1392 569 1470 608 ὅσα
1496 570 1567 618 μὲν

250 635 324 685 γὰρ
350 637 426 674 τῶν
452 633 699 684 ἀδικημάτων
725 635 767 674 ἐν
793 632 929 690 ἁπάσῃ
954 635 999 690 τῇ
1021 634 1154 688 ἡλικίᾳ
1172 631 1250 690 [τῇ]
1268 638 1336 674 τοῦ
1362 635 1568 686 ἀνθρώπου

249 697 483 753 [ἐνδέ]χεται
508 701 704 750 ἀδικῆσαι,
726 704 846 740 ταῦτα
869 702 941 751 μὲν
967 703 1027 741 δεῖ
1047 697 1244 752 [σκοπεῖ]ν
1269 700 1334 741 ἀπ’
1359 701 1477 741 αὐτοῦ
1501 705 1569 741 τοῦ

249 763 527 818 [ἐγκλή]ματος
556 767 600 807 οὗ
632 766 679 807 ἂν
710 764 798 822 [ἔχῃ
828 783 898 808 τις·
936 764 1151 820 μο]ιχεύειν
1180 763 1228 817 [δ’
1254 767 1323 807 οὐκ
1351 765 1567 821 ἐνδέ]χεται

250 832 326 873 ἀπὸ
345 829 615 885 [πεντήκο]ντα
642 835 739 874 ἐτῶν
763 830 1029 885 [ἀρξάμενον,]
1055 833 1145 873 ἀλλ’
1166 830 1189 883 ἢ
1216 830 1354 884 πά[λαι
1379 831 1568 886 τοιοῦτ]ός
1590 851 1628 873 10

59 903 130 940 col.
154 900 217 954 13]
251 900 374 945 ἐστιν,
402 899 422 939 ὃ
447 899 690 950 δειξάτωσαν
716 900 833 946 οὗτοι,
861 897 883 949 ἦ
909 902 1036 952 ψευδῆ
1062 899 1133 950 τὴν
1163 901 1292 940 αἰτίαν
1322 901 1422 942 εἰκὸς
1454 900 1565 940 εἶναι.

179 973 220 1007 16
251 966 327 1017 ἐγὼ
352 967 495 1012 τοίνυν,
523 964 552 1005 ὦ
578 966 713 1018 ἄνδρες
739 967 933 1012 δικασταί,
960 966 1046 1016 μεθ’
1071 967 1177 1017 ὑμῶν
1210 968 1425 1018 διατρίβων
1455 967 1497 1006 ἐν
1521 972 1568 1023 τῇ

250 1033 365 1073 πόλει
401 1036 469 1073 τὸν
506 1032 660 1073 ἅπαντα
695 1033 852 1086 χρόνον,
889 1033 977 1073 οὔτε
1014 1033 1141 1073 αἰτίαν
1177 1035 1351 1084 πονηρὰν
1387 1032 1568 1083 οὐδεμίαν

249 1099 395 1139 πώποτ’
421 1100 586 1150 ἔλαβον,
614 1098 691 1139 οὔτ’
718 1099 895 1151 ἔγκλημά
918 1116 984 1150 μοι
1010 1103 1105 1151 πρὸς
1131 1099 1270 1139 οὐδένα
1294 1103 1371 1139 τῶν
1396 1103 1568 1140 πολιτῶν

248 1166 423 1217 γέγονεν,
452 1167 539 1207 οὐδὲ
564 1165 745 1218 πέφευγα
771 1167 880 1216 δίκην
906 1166 1100 1216 οὐδεμίαν,
1127 1165 1204 1206 οὐδ’
1225 1166 1358 1217 ἕτερον
1384 1166 1565 1219 δεδίωχα,
1591 1183 1625 1214 15

249 1234 506 1285 ἱπποτροφῶν
536 1235 576 1273 δὲ
611 1232 861 1273 διατετέλεκα
886 1233 1104 1284 φιλοτίμως
1136 1235 1203 1273 τὸν
1235 1231 1390 1273 ἅπαντα
1423 1233 1568 1286 χρόνοι·

249 1300 352 1351 παρὰ
378 1299 540 1349 δύναμιν
566 1299 626 1339 καὶ
651 1300 747 1350 ὑπὲρ
774 1299 844 1348 τὴν
875 1299 1014 1339 οὐσίαν
1044 1298 1114 1349 τὴν
1144 1300 1323 1349 ἐμαυτοῦ.
1394 1298 1565 1351 ἐστεφά-

250 1383 374 1416 νωμαι
399 1365 430 1405 δ’
450 1366 526 1406 ὑπό
549 1382 591 1405 τε
616 1369 693 1406 τῶν
719 1364 868 1406 ἱππέων
894 1365 1051 1406 πάντων
1077 1366 1338 1417 ἀνδραγαθίας
1357 1366 1483 1411 ἕνεκα,
1506 1366 1569 1405 καὶ

180 1442 218 1476 17
250 1433 323 1473 ὑπὸ
354 1436 430 1473 τῶν
456 1433 748 1486 συναρχόντων.
819 1433 927 1483 ὑμεῖς
956 1431 1031 1484 γάρ
1059 1450 1118 1482 με,
1147 1430 1176 1472 ὦ
1206 1431 1343 1483 ἄνδρες
1372 1433 1566 1477 δικασταί,

59 1505 131 1542 col.
157 1502 219 1556 14]
251 1502 406 1550 πρῶτον
438 1501 510 1550 μὲν
542 1498 752 1551 φύλαρχον
785 1497 1124 1552 ἐχειροτονήσατε,
1152 1498 1287 1539 ἔπειτα
1320 1499 1374 1539 εἷς
1407 1501 1568 1549 Λῆμνον
1589 1515 1628 1536 20

250 1567 463 1618 ἵππαρχον·
503 1567 565 1606 καὶ
590 1564 687 1617 ἦρξα
711 1567 782 1616 μὲν
808 1565 941 1605 αὐτόθι
967 1565 1022 1605 δύ’
1049 1566 1114 1615 ἔτη
1140 1569 1218 1605 τῶν
1247 1564 1398 1605 πώποθ’
1426 1567 1567 1616 ἱππαρ-

251 1633 431 1686 χηκότων
450 1633 581 1683 μόνος,
599 1631 913 1683 προσκατέμεινα
934 1634 975 1672 δὲ
991 1631 1123 1672 αὐτόθι
1140 1634 1207 1672 τὸν
1226 1632 1354 1684 τρίτον
1377 1631 1566 1677 ἐνιαυτόν,

251 1699 295 1739 οὐ
319 1700 566 1750 βουλόμενος
585 1700 749 1740 πολίτας
775 1698 916 1750 ἄνδρας
943 1699 1006 1739 ἐπὶ
1028 1698 1206 1751 κεφαλὴν
1228 1697 1477 1749 εἰσπράττειν
1502 1697 1570 1738 τὸν

182 1778 222 1811 18
251 1768 394 1816 μισθὸν
426 1770 508 1807 τοῖς
538 1767 722 1806 ἱππεῦσιν
752 1765 907 1817 ἀπόρως
937 1764 1211 1816 διακειμένους.
1284 1765 1346 1805 καὶ
1375 1766 1417 1805 ἐν
1448 1765 1570 1818 τούτῳ

251 1850 318 1883 μοι
337 1837 389 1887 τῷ
414 1833 543 1887 χρόνῳ
565 1833 742 1884 ἔγκλημα
767 1834 839 1882 μὲν
864 1832 990 1874 οὐδεὶς
1014 1836 1091 1872 τῶν
1116 1833 1199 1872 ἐκεῖ
1221 1830 1457 1872 ἐνεκάλεσεν
1483 1831 1570 1871 οὔτε
1591 1847 1629 1879 25

253 1900 330 1953 ἰδίᾳ
350 1899 438 1939 οὔτε
458 1900 641 1953 δημοσίᾳ,
665 1898 879 1951 στεφάνοις
899 1901 939 1939 δὲ
958 1899 1088 1950 τρισὶν
1107 1898 1391 1950 ἐστεφανώθην
1409 1898 1484 1938 ὑπὸ
1503 1901 1572 1938 τοῦ

252 1964 374 2016 δήμου
398 1969 466 2005 τοῦ
497 1967 537 2006 ἐν
562 1964 788 2018 Ἱ-Ιφαιστίᾳ
815 1966 877 2005 καὶ
903 1965 1047 2017 ἑτέροις
1072 1964 1147 2005 ὑπὸ
1172 1967 1240 2004 τοῦ
1272 1966 1315 2005 ἐν
1340 1965 1509 2020 Μυρίνῃ·
1548 1964 1572 2004 δι

61 2041 133 2079 ςοῙ,
157 2040 221 2094 15]
251 2032 326 2085 χρὴ
352 2031 540 2084 τεκμήρια
563 2033 653 2082 ὑμῖν
683 2031 782 2072 εἶναι
813 2033 866 2073 εἰς
895 2035 1033 2072 τοῦτον
1063 2035 1131 2072 τὸν
1161 2031 1306 2083 ἀγῶνα,
1336 2031 1387 2072 ὡς
1410 2033 1571 2083 ψευδεῖς

252 2098 334 2138 κατ’
361 2100 454 2149 ἐμοῦ
479 2096 553 2150 <αἱ>
580 2099 700 2139 αἰτίαι
729 2100 841 2138 εἰσίν.
917 2098 961 2138 οὐ
993 2099 1068 2150 γὰρ
1099 2098 1181 2138 οἶόν
1211 2115 1253 2137 τε
1285 2100 1352 2137 τὸν
1377 2097 1572 2148 Ἀθήνησι

251 2169 420 2217 πονηρὸν
452 2167 495 2214 ἐν
526 2164 670 2219 Λήμνῳ
701 2165 878 2217 χρηστὸν
913 2165 1024 2210 εἶναι,
1061 2163 1140 2204 οὐδ’
1173 2165 1281 2214 ὑμεῖς
1314 2164 1365 2206 ὡς
1397 2167 1572 2204 τοιοῦτον
1591 2177 1632 2209 30

294 2285 311 2314 7
343 2277 384 2317 τῇ
413 2274 522 2314 suppl.
550 2273 686 2313 Sauppe
863 2275 883 2304 8
916 2273 1085 2314 ἐνδέχεται
1115 2272 1194 2303 Bab.
1330 2275 1464 2304 σκοπεῖν
1488 2271 1571 2303 Bab.

250 2329 271 2357 9
296 2319 499 2359 ἐγκλήματος
518 2317 545 2347 Β
663 2327 749 2356 9—10
774 2317 834 2358 ἔχῃ
852 2330 899 2349 τις
918 2341 924 2348 .
945 2341 952 2348 .
972 2341 978 2347 .
998 2319 1143 2348 τοιοῦτος
1161 2316 1243 2347 Bab.
1382 2327 1418 2354 14
1443 2328 1573 2347 πωποτε

252 2366 364 2399 λαβων
390 2361 460 2399 ᾙ*,
486 2371 572 2392 corr.
601 2360 650 2398 fif
810 2363 848 2391 16
879 2359 1072 2401 φιλοτίμως]
1104 2359 1287 2399 πολυτίμως
1318 2358 1384 2397 Rss,
1411 2368 1495 2389 corr.
1522 2357 1572 2396 3¹

254 2415 293 2443 27
320 2411 458 2446 Μυρρινη
472 2404 508 2441 Ξ,
599 2405 640 2434 28
665 2405 727 2445 χρὴ
746 2427 753 2434 .
775 2429 780 2435 .
802 2427 808 2434 .
828 2403 921 2443 estrat]
937 2405 975 2441 δὴ
993 2427 999 2434 .
1021 2427 1026 2432 .
1046 2427 1052 2434 .
1071 2405 1160 2435 ἐστιν
1174 2402 1267 2441 Bab„
1284 2403 1344 2433 sed
1360 2415 1437 2434 ειναι
1450 2402 1574 2432 habere

254 2447 291 2486 fi
310 2453 438 2479 certum
457 2454 508 2478 est
641 2458 682 2486 29
707 2449 738 2479 αἱ
755 2457 817 2478 om.
838 2447 887 2486 fi,
908 2447 983 2478 add.
1004 2446 1086 2476 Bab.
