1843 2788
680 131 1120 176 CITATIONES

313 238 398 278 186.
437 237 632 290 ἐξαίρεσις
667 236 844 290 (λιμένος
882 241 1012 293 μέρος,
1052 244 1151 284 ὅπου
1189 246 1238 283 τὰ
1277 246 1419 297 φορτία
1458 245 1561 296 ἐξαι-

239 303 389 356 ρεῖται).
463 307 575 348 Item
612 308 754 357 δεῖγμα
788 307 880 356 (ἀπὸ
916 312 985 348 τοῦ
1020 311 1211 361 δείγματα
1245 314 1324 351 τῶν
1353 311 1565 364 ἀγωγίμων

239 373 319 412 τοῖς
345 370 541 420 ὠνητιῶσι
565 372 770 423 δίδοσθαι).
844 372 1022 431 [Pollux
1046 377 1103 417 ix.
1130 376 1218 435 34]

313 438 399 482 187.
439 440 772 490 καταχειροτονία.
846 439 1004 497 [Harp.
1028 457 1060 482 s.
1079 440 1138 499 th]

313 504 399 542 188.
437 507 647 555 κεστρῖνοι.
720 504 880 562 [Harp.
901 522 933 548 s.
951 504 1013 563 v.]

313 569 398 616 189.
437 570 654 622 ναύκληρος
677 569 737 620 (οὐ
760 571 882 621 μόνον
908 571 959 614 ὡς
984 572 1006 622 ἡ
1033 572 1220 623 συνήθεια
1243 576 1386 626 χρῆται
1404 577 1456 628 τῷ
1476 574 1562 614 ὀνό-

240 652 344 685 ματι,
377 636 483 676 ἀλλὰ
520 637 581 676 καὶ
618 637 680 677 ἐπὶ
717 640 783 676 τοῦ
813 638 1114 689 μεμισθωμένον
1147 640 1211 680 ἐπὶ
1246 640 1299 693 τῷ
1335 641 1384 679 τὰ
1419 641 1565 680 ἐνοίκια

241 701 418 753 ἐκλέγειν
443 699 466 752 ἢ
493 704 617 746 οἰκίας
641 701 663 753 ἢ
691 703 916 754 συνοικίας).
990 704 1150 762 [Harp.
1173 722 1205 748 s.
1224 705 1284 763 12]

314 779 399 816 190.
439 770 686 816 Παλληνεύς.
764 770 921 828 [Harp.
946 787 978 812 S.
997 769 1055 828 v.]

313 846 398 881 191.
438 836 717 888 προμετρητάς.
806 837 965 894 [Harp.
989 853 1020 879 s.
1038 835 1096 894 ἰὴ]

530 935 612 959 LXV.
663 933 768 960 ΠΡΟΣ
800 934 961 960 ΧΑΡΗΤΑ
994 934 1279 961 ΕΠῙΤΡΟΠΙΚΟΣ.

315 1012 400 1047 192.
441 1001 526 1041 ἐπεὶ
554 1003 595 1041 δὲ
621 1000 847 1053 ἐνεγράφην
878 1002 955 1053 ἐγὼ
991 1002 1053 1041 καὶ
1083 1003 1102 1041 ὁ
1134 1003 1252 1052 νόμος
1286 1002 1461 1043 ἀπέδωκε
1495 1002 1566 1052 τὴν

243 1066 403 1116 κομιδὴν
435 1071 512 1107 τῶν
547 1066 892 1119 καταλειφθέντων
925 1068 971 1123 τῇ
996 1069 1124 1120 μητρί,
1160 1067 1202 1110 ὃς
1236 1069 1386 1109 κελεύει
1416 1069 1567 1120 κυρίους

243 1133 341 1174 εἶναι
377 1136 445 1184 τῆς
482 1132 693 1185 ἐπικλήρου
733 1135 793 1174 καὶ
829 1136 896 1184 τῆς
934 1133 1071 1176 οὐσίας
1108 1134 1264 1184 ἁπάσης
1291 1135 1382 1177 τοὺς
1412 1138 1564 1181 παῖδας,

243 1201 400 1240 ἐπειδὰν
427 1201 616 1242 ἐπιδιετὲς
640 1200 811 1251 ἡβῶσιν.
883 1196 1037 1256 [Harp.
1060 1217 1090 1243 s.
1107 1217 1145 1243 v.
1170 1202 1358 1243 ἐπιδιετὲς
1382 1198 1566 1253 ἡβῆσαι.]

316 1278 401 1314 193.
440 1267 682 1317 ἀποδόμενος
706 1263 969 1316 (εὐποθείς).
1043 1266 1219 1324 [Pollux
1242 1270 1325 1311 viii.
1355 1267 1468 1325 142.]

747 1367 846 1390 [ΧΠ.
893 1364 1059 1391 ΧΙΑΚΟΣ.

314 1443 398 1478 194.
436 1429 472 1482 (ὁ
497 1431 584 1472 ‘Tm
620 1433 661 1472 ἐν
695 1433 746 1486 τῷ
770 1433 903 1486 Χιακῷ
934 1432 992 1472 ὅτι
1022 1435 1113 1472 Χῖοι
1143 1433 1313 1486 ηὔχοντο
1344 1433 1566 1484 Ἀθηναίοις

242 1496 487 1547 δεδήλωκεν).
561 1495 726 1555 [SchOL
750 1499 828 1540 Ar.
853 1500 937 1540 Av.
963 1497 1080 1556 880.]

311 1566 537 1607 Praeterea
581 1566 770 1607 Blassius
806 1567 982 1607 nomina
1019 1567 1262 1608 orationum
1305 1567 1431 1609 affert
1470 1568 1567 1606 κατὰ

245 1631 493 1677 Διοπείθους,
525 1630 613 1683 περὶ
642 1634 720 1671 τῶν
750 1634 996 1683 στρατηγῶν,
1030 1632 1117 1682 περὶ
1149 1635 1226 1672 τῶν
1255 1631 1435 1684 τριήρων,
1470 1634 1566 1672 κατὰ

244 1696 514 1748 Φιλοκράτους
531 1698 776 1749 εἰσαγγελία,
795 1698 892 1748 ὑπὲρ
912 1697 1092 1748 Χάρητος
1112 1699 1200 1750 περὶ
1220 1702 1287 1738 τοῦ
1307 1699 1371 1739 ἐπὶ
1385 1698 1566 1753 Ταινάρῳ

242 1762 407 1812 ξενικοῦ,
457 1766 510 1806 de
551 1766 708 1819 quibus
750 1765 1007 1806 conferenda
1054 1773 1118 1807 est
1160 1767 1568 1820 pseudo-Plutarchi

243 1835 331 1874 vita
371 1835 610 1887 Hyperidis
645 1839 655 1881 (
674 1835 756 1876 Vz't.
790 1834 842 1874 X
873 1834 993 1876 Orat.
1028 1848 1066 1888 p.
1103 1836 1182 1884 848
1207 1845 1252 1884 D,
1276 1842 1320 1887 E)
1355 1843 1397 1876 et
1429 1836 1569 1876 oratio

245 1916 322 1956 pro
347 1903 614 1956 Euxenippo
633 1904 654 1956 ξ
672 1914 722 1953 29
740 1917 748 1953 ;
780 1904 856 1944 sed
879 1917 981 1945 num
1001 1904 1219 1945 orationes
1238 1905 1342 1945 istae
1359 1917 1566 1958 umquam

243 1972 426 2026 scriptae
449 1972 710 2021 exstiterint,
734 1972 824 2025 ipse
847 1973 1005 2013 fatetur
1027 1974 1234 2014 incertum
1258 1988 1360 2016 esse.

693 2067 742 2094 ΕΞ
775 2067 945 2094 ΑΔΗΛΩΝ
976 2069 1122 2095 ΛΟΓΩΝ.

316 2143 401 2181 195.
439 2134 463 2174 a
519 2133 551 2173 δ’
609 2134 719 2176 ἐστὶν
776 2137 922 2188 ἀφανῆ,
972 2136 1121 2188 ἀνάγκη
1174 2137 1264 2179 τοὺς
1312 2137 1568 2179 διδάσκοντας

243 2201 465 2252 τεκμηρίοις
490 2201 553 2240 καὶ
578 2204 658 2243 τοῖς
692 2203 817 2242 εἰκόσι
846 2203 985 2252 ζητεῖν.
1059 2202 1219 2260 [Clem.
1242 2204 1377 2248 Alex.
1403 2206 1567 2247 Strom.

243 2269 296 2310 vi.
320 2268 399 2310 col.
425 2280 519 2323 232,
543 2267 727 2325 Migne]

292 2385 350 2415 192
377 2375 505 2416 παῖδας]
525 2376 658 2408 ἄπαιδας
677 2376 789 2413 codd„
807 2386 891 2408 corr.
903 2376 1059 2407 Valesius
1196 2387 1255 2418 194
1283 2380 1316 2410 ἐν
1333 2381 1377 2418 τῷ
1394 2378 1517 2420 Χιακῷ]
1537 2381 1570 2410 ἐν

246 2423 290 2459 τῷ
308 2423 421 2459 χαλκῷ
440 2419 548 2456 codd„
568 2429 651 2450 corr.
672 2419 808 2450 Bocckh
