1843 2788
579 119 746 157 ὙΠΕΡ
796 118 1216 156 ΛΎΚΟΦΡΟΝΟΣ

234 226 328 264 ὄντα
351 240 399 274 με
424 222 694 263 ἀπεστέλλετε
721 223 862 268 ἐκεῖσε,
891 219 1290 273 παρακατατιθέμενοι
1320 220 1386 260 δύο
1418 220 1553 261 πόλεις

233 293 311 330 τῶν
335 288 531 340 ὑμετέρων
556 287 695 328 αὐτῶν.

294 354 407 395 ‘'Oa-a
430 357 503 406 μὲν
522 354 590 395 οῦν
610 355 687 406 ἐγὼ
708 354 830 406 εἶχον,
852 352 881 393 ὦ
901 353 1037 405 ἄνδρες
1057 354 1250 399 δικασταί,
1270 353 1366 404 ὑπὲρ
1386 353 1553 403 ἐμαυτοῦ

235 423 371 468 εἰπεῖν,
400 424 547 474 σχεδὸν
573 420 777 471 ἀκηκόατε.
838 420 970 470 ἐπειδὴ
997 422 1038 460 δὲ
1063 420 1083 459 ὁ
1110 418 1326 471 κατήγορος
1350 418 1417 458 οὐκ
1442 419 1550 459 ἀπεί-

147 541 152 545 ⁴
199 505 310 543 5ρως
349 487 452 541 ἔχων
488 491 555 527 τοῦ
592 486 740 538 λέγειν,
782 487 927 528 εἰωθὼς
963 488 1005 526 δὲ
1043 485 1238 527 πολλάκις
1276 485 1552 537 ἀγωνίζεσθαι,

235 553 369 595 ἐκάλει
401 554 643 606 συνηγόρους
675 552 765 595 τοὺς
799 551 1122 594 συναπολοῦντάς
1153 569 1240 592 τινα
1270 555 1348 592 τῶν
1381 554 1554 591 πολιτῶν

235 621 388 667 ἀδίκως,
416 620 553 671 δέομαι
577 621 684 670 ὑμῶν
715 619 776 660 καὶ
806 620 884 671 ἐγὼ
914 620 976 659 καὶ
1009 619 1211 669 ἀντιβολῶ
1243 621 1429 659 κελεῦσαι
1460 617 1554 667 κάμὲ

237 686 403 727 καλέσαι
427 686 517 728 τοὺς
543 690 800 738 συνεροῦντας
824 686 910 736 ἐμοὶ
929 686 1024 737 ὑπὲρ
1050 684 1282 735 τηλικούτου
1306 685 1471 736 ἀγῶνος,
1494 683 1555 723 καὶ

235 755 400 793 ἀκοῦσαι
425 752 621 800 εὐνοϊκῶς,
649 754 685 793 εἴ
705 754 764 794 τίς
791 769 858 803 μοι
882 751 965 805 ἔχει
989 755 1066 791 τῶν
1097 752 1250 791 οἰκείων
1274 747 1297 801 ἢ
1321 753 1399 791 τῶν
1425 750 1555 802 φίλων

180 841 218 864 10
234 822 449 870 βοηθῆσαι,
490 821 634 875 πολίτῃ
675 821 747 869 μὲν
786 820 868 858 ὄντι
910 816 1094 872 ὑμετέρῳ,
1135 817 1266 872 ἰδιώτῃ
1306 818 1347 857 δὲ
1388 816 1450 856 καὶ
1488 815 1556 855 οὐκ

237 887 390 926 εἰωθότι
422 885 570 937 λέγειν,
597 884 869 938 ἀγωνιζομένῳ
903 885 944 924 δὲ
976 884 1038 924 καὶ
1071 883 1333 924 κινδυνεύοντι
1357 882 1402 922 οὐ
1433 882 1556 933 μόνον

237 952 325 1004 περὶ
351 952 531 998 θανάτου,
553 950 771 1005 ἐλάχιστον
791 952 864 1002 γὰρ
885 950 999 990 τοῦτό
1023 951 1134 990 ἐστιν
1154 953 1236 990 τοῖς
1261 950 1383 1001 ὀρθῶς
1402 948 1557 1001 λογιζο-

237 1018 381 1069 μένοις,
410 1018 502 1059 &MC
526 1019 622 1070 ὑπὲρ
648 1021 715 1058 τοῦ
740 1016 994 1068 ἐξορισθῆναι
1025 1016 1087 1056 καὶ
1113 1016 1363 1056 ἀποθανόντα
1393 1016 1490 1066 μηδὲ
1517 1016 1559 1055 εἰ·

237 1086 282 1141 τῇ
305 1085 460 1137 πατρίδι
485 1088 671 1136 ταφῆναι.
732 1085 801 1124 ἐὰν
826 1084 894 1124 οῦν
921 1083 1118 1132 κελεύητε,
1146 1079 1175 1121 ὦ
1202 1082 1338 1134 ἄνδρες
1364 1081 1558 1125 δικασταί,

183 1172 220 1203 15
239 1156 344 1191 καλῶ
365 1168 452 1192 τινα
470 1150 740 1201 βοηθήσοντα.
802 1149 978 1199 ἀνάβηθί
999 1166 1078 1199 μοι,
1098 1149 1294 1200 Θεόφιλε,
1318 1149 1378 1188 καὶ
1399 1147 1560 1188 σύνειπε

237 1219 259 1257 ὅ
284 1234 320 1258 τι
346 1218 463 1271 ἔχεις·
503 1218 734 1258 κελεύουσιν
759 1219 794 1257 οἱ
821 1217 1014 1256 δικασταί.

478 1325 688 1365 Subscriptio
709 1325 740 1355 in
759 1324 808 1365 R,
830 1325 1006 1365 Ἀπολογία
1024 1323 1100 1363 ὑπὲρ
1116 1323 1318 1365 Λυκόφρονος

1584 365 1626 400 19

1585 682 1673 737 [col.
1698 687 1744 722 16

1585 830 1630 854 20
