1843 2788
66 653 140 690 col.
160 650 196 704 1]

180 715 192 740 1

65 1919 138 1956 col.
157 1916 196 1969 2]

785 348 863 393 111
918 347 1001 410 (v)

566 479 700 525 KAT'
749 482 1211 528 ΑΘΗΝΟΓΕΝΟΤΣ

297 652 488 693 Εἰπόντος
514 651 556 691 δέ
579 668 653 702 μου
673 651 768 703 πρὸς
793 651 913 701 αὐτὴν
938 651 986 692 τά
1011 669 1052 693 τε
1077 649 1374 706 ιᾗπεπραγμ]ε’να,
1403 655 1466 695 καὶ
1491 656 1551 696 ὅτι

227 735 292 769 μοι
316 717 581 770 Ἀθηνογένης
609 718 786 771 χαλεπὸς
817 720 874 768 εἴη
902 720 963 758 καὶ
992 718 1102 759 οὐδὲν
1129 719 1259 760 ἐθέλοι
1282 724 1358 760 τῶν
1383 722 1550 772 μετρίων

229 788 463 838 συγχωρεῖν,
484 788 621 825 τοῦτον
645 787 716 835 μὲν
736 785 812 837 ἔφη
833 785 893 825 ἀεὶ
918 789 1091 826 τοιοῦτον
1116 785 1227 832 εῖναι,
1249 787 1317 836 ἐμὲ
1341 786 1372 826 δ’
1395 787 1550 828 ἐκέλευε

229 854 397 903 θαρρεῖν·
437 851 531 901 αὐτη
565 850 639 903 γάρ
670 868 735 902 μοι
771 851 899 892 πάντα
935 855 1280 904 συναγωνιεῖσθαι.
1355 853 1415 893 καὶ
1445 853 1549 894 ταῦτ’
1568 870 1585 901 5

227 917 366 969 ἔλεγεν
387 917 664 967 σπουδάζουσα
682 934 724 958 τε
743 922 796 972 τῷ
816 918 901 968 ἤθει
921 918 971 960 ὡς
991 918 1049 959 ἔνι
1071 918 1249 969 μάλιστα
1270 920 1331 960 καὶ
1350 919 1551 971 ὀμνύουσα

226 984 315 1026 τοὺς
345 985 559 1036 μεγίστους
591 985 739 1036 ὅρκους,
767 983 790 1034 ἦ
813 984 891 1036 μην
915 984 997 1036 μετ’
1023 985 1173 1027 εὐνοίας
1197 988 1265 1036 τῆς
1294 988 1387 1037 ἐμῆς
1417 986 1551 1038 λέγειν

229 1051 291 1091 καὶ
330 1052 393 1091 ἐπὶ
431 1049 562 1100 πάσης
605 1051 804 1101 ἀληθείας·
855 1051 948 1091 ὥστ’
991 1051 1071 1102 ἐμέ,
1112 1050 1141 1091 ὦ
1179 1051 1329 1109 ἄνδρεςζ
1353 1054 1548 1099 δικασταί,

228 1116 427 1169 εἰρήσεται
450 1119 525 1169 γὰρ
546 1117 642 1168 πρὸς
666 1118 764 1168 ὑμᾶς
783 1117 964 1168 τάληθές,
986 1121 1106 1158 ταῦτα
1129 1121 1352 1159 πεπεῖσθαι.
1414 1120 1547 1166 οὕτως,

227 1183 278 1225 ὡς
315 1184 452 1230 ἔοικεν,
490 1183 695 1234 ἐξίστησιν
727 1181 848 1235 [ἡμῶν
884 1182 969 1237 τὴν]
1003 1185 1127 1237 φύσιν
1163 1185 1271 1237 ἔρως,
1303 1187 1550 1238 προσλαβὼν
1571 1199 1610 1222 10

227 1248 422 1302 γυναι[κὸς
448 1248 672 1301 ποικιλῖίαν.
744 1252 872 1301 ἐκείνη
892 1254 987 1303 γοῦν
1012 1252 1278 1303 φενακίζουσα
1301 1250 1376 1306 [τᾶ-
1391 1249 1551 1303 μάται]α

227 1321 346 1357 ταῦτα
362 1316 708 1369 προσπεριέκοψεν
728 1318 824 1374 αὐτῇ
841 1316 909 1368 [ὡς
933 1316 993 1370 {BR}
1014 1319 1068 1360 εἷς
1092 1319 1304 1369 παιδίσκην
1322 1320 1550 1371 τριακοσίας

228 1385 402 1436 δραχμὰς
428 1384 580 1425 εὐνοίας
604 1385 730 1424 ἕνεκα.
801 1386 899 1426 ἴσως
927 1386 999 1435 μὲν
1024 1384 1104 1431 οὖν,
1132 1384 1161 1425 ὦ
1186 1385 1324 1437 ἄνδρες
1353 1387 1547 1432 δικασταί,

227 1451 338 1491 οὐδὲν
357 1447 484 1503 [οὕτω]
505 1452 732 1501 θαυμαστόν
750 1468 797 1501 με
816 1450 891 1491 ὑπὸ
911 1451 1142 1504 Ἀντιγόνας
1160 1454 1230 1492 τὸν
1248 1453 1394 1505 τρόπον
1413 1455 1550 1493 τοῦτον

227 1519 589 1570 παιδαγωγηθῆναι,
611 1517 793 1570 γυναικὸς
817 1517 840 1568 ἢ
867 1517 1068 1569 δεινοτάτη
1094 1521 1167 1569 μὲν
1192 1522 1269 1559 τῶν
1295 1522 1470 1571 ἑταιρῶν,
1497 1520 1549 1562 ὥς
1570 1531 1608 1564 15

228 1589 367 1636 φασιν,
396 1583 460 1637 ἐφ’
486 1584 641 1635 ἡλικίας
671 1584 842 1637 ἐγένετο,
870 1584 1114 1626 διατετέλεκε
1143 1587 1185 1626 δὲ
1213 1589 1550 1638 πορνοβοσκοῦσα

230 1682 1159 1692 ..........................
1187 1669 1228 1693 εν
1251 1683 1259 1692 .
1288 1684 1296 1692 .
1319 1684 1326 1692 .
1357 1684 1364 1692 .
1392 1684 1400 1692 .
1429 1684 1437 1692 .
1465 1684 1472 1692 .
1503 1684 1510 1692 .
1539 1684 1547 1693 .

261 1749 268 1757 .
291 1749 298 1757 .
321 1717 428 1758 οῖκον
447 1721 514 1758 τοῦ
533 1719 732 1758 Χολλίδου
749 1735 791 1758 ου
813 1750 1152 1758 ..........
1179 1737 1208 1759 ω
1229 1721 1323 1760 ὄντα
1343 1717 1547 1776 ἀνῄρηκεν.

228 1785 352 1824 καίτοι
377 1781 425 1835 [εἰ
452 1783 535 1824 καθ’
555 1783 712 1836 ἑῖαυτὴν
737 1785 837 1825 οὖσα
861 1789 1020 1825 τοιαῦτα
1044 1782 1322 1837 διεπράτ[τετο,
1349 1786 1389 1826 τί
1411 1783 1549 1836 οἵεσ]θ’

227 1850 347 1901 αὐτὴν
372 1854 438 1892 νῦν
465 1847 705 1903 ε’πι[τελ]εΐν,
733 1849 1064 1903 προσ[λαβοΰσαν
1090 1849 1407 1905 συ]ναγωνιστὴν
1431 1852 1547 1903 Ἀθη-
1569 1869 1609 1890 20

227 1917 406 1970 νογένην,
448 1917 653 1969 ἄνθρωπον
692 1917 952 1971 λογογράφον
994 1935 1036 1960 τε
1078 1920 1141 1959 καὶ
1183 1920 1382 1971 ἀγοραῖον,
1423 1919 1468 1959 τὸ
1509 1921 1551 1960 δὲ

272 2039 290 2058 2
327 2027 535 2070 πεπραγμένα
565 2028 669 2069 (DB,-
699 2039 774 2059 cum
806 2028 958 2068 reliquiis
989 2030 1095 2068 magis
1126 2030 1284 2059 convenit
1316 2040 1414 2068 quam
1444 2030 1549 2070 [ἄλλα

226 2071 372 2112 mih-ra:
396 2072 493 2102 aliter
510 2077 626 2102 censet
651 2072 692 2102 de
712 2072 805 2102 Ricci
960 2083 998 2103 10
1021 2073 1111 2111 ἡμῶν
1126 2074 1187 2111 τὴν
1206 2072 1316 2103 DW:
1340 2074 1500 2115 ἀνθρώπου
1519 2073 1546 2103 Β

230 2124 265 2144 ΙΙ
292 2115 470 2155 ποικιλίαν]
487 2116 636 2154 αἱμυλίαν
649 2114 697 2145 ΧΨ
712 2128 718 2146 x
743 2116 854 2146 littera
870 2120 948 2146 ante
966 2130 1029 2148 -ιαν
1046 2116 1201 2155 proxima
1214 2123 1247 2154 λ,
1266 2119 1294 2154 δ,
1309 2117 1362 2146 vel
1382 2131 1400 2148 α
1413 2116 1548 2147 videtur

227 2158 332 2189 fuisse
428 2160 470 2190 τὰ
486 2158 620 2199 μάταια]
639 2159 766 2191 ἅπαντα
784 2159 814 2189 R
828 2159 857 2188 D
870 2159 909 2198 Β,
929 2170 999 2189 cum
1020 2159 1124 2197 hiatu,
1140 2160 1245 2191 πάντα
1262 2159 1319 2198 W,
1337 2170 1422 2199 quae
1438 2161 1548 2200 spatio

226 2203 281 2231 vix
300 2202 468 2232 sufficiunt
638 2212 674 2231 12
699 2204 738 2234 ὡς
756 2204 793 2240 δὴ
813 2203 842 2232 D
856 2203 884 2232 R
901 2214 909 2232 :
933 2202 974 2238 μέ
987 2217 1019 2234 τι
1038 2203 1064 2232 Β
1083 2215 1089 2233 :
1115 2204 1173 2233 sed
1189 2217 1209 2241 η
1226 2214 1335 2242 paene
1351 2209 1479 2234 certum
1497 2209 1548 2234 est

227 2250 302 2284 post
327 2246 498 2283 παιδίσκην
521 2246 666 2284 spatium
692 2251 744 2276 est
769 2247 800 2276 in
827 2246 876 2294 φ,
903 2247 990 2277 unde
1015 2247 1241 2285 colligendum
1265 2247 1369 2277 verba
1401 2271 1407 2277 .
1433 2270 1440 2278 .
1468 2271 1474 2278 .
1504 2248 1548 2279 εἷς

229 2289 399 2328 παιδίσκην
416 2289 634 2328 parenthesin
652 2300 728 2320 esse
851 2300 887 2328 14
914 2289 1012 2330 οὕτω]
1034 2290 1126 2322 ἔσται
1141 2290 1170 2320 D
1186 2301 1192 2320 :
1219 2292 1289 2322 ἐστι
1302 2290 1388 2321 WB
1403 2302 1410 2320 z
1436 2290 1547 2321 littera

227 2338 304 2363 ante
322 2336 338 2364 Θ
355 2337 466 2372 potest
483 2333 583 2363 etiam
600 2347 616 2373 ρ
633 2343 707 2364 esse
726 2333 888 2373 (sortasse
906 2333 1182 2374 ὑπερθαύμαστον)
1321 2336 1358 2364 18
1383 2334 1547 2375 ἀνείρηκεν

233 2376 240 2383 '
253 2391 276 2400 =
293 2376 474 2417 &vw‘ytpnneffl
487 2376 528 2423 ᾩ,
542 2381 577 2407 ut
590 2377 654 2407 vid.
750 2387 789 2416 19
814 2378 842 2408 εἶ
855 2376 901 2406 W
917 2388 923 2406 :
947 2377 1016 2414 ἥτις
1035 2377 1062 2406 Β
1152 2377 1186 2409 τί
1202 2377 1299 2409 οἴεσθ’
1315 2377 1345 2408 Κ
1362 2389 1367 2407 z
1393 2377 1426 2409 τί
1441 2379 1545 2409 οἴεσθε

228 2419 254 2448 Β
272 2431 278 2449 ε
303 2420 334 2450 τί
351 2421 414 2461 χρὴ
428 2419 475 2450 W
491 2430 497 2448 z
521 2421 581 2450 sed
599 2423 615 2451 θ
633 2424 759 2450 certum
777 2420 909 2450 videtur
1008 2431 1049 2450 20
1074 2423 1236 2452 ἐπιτελεῖν
1253 2420 1319 2451 W:
1345 2422 1427 2452 νυνεὶ
1445 2423 1546 2452 ποιεῖν

228 2461 274 2491 Β;
301 2467 480 2502 utrumque
500 2473 571 2493 cum
591 2463 740 2502 reliquiis
759 2464 915 2494 convenit
1006 2466 1257 2500 προσλαβοῦσαν
1276 2463 1306 2493 Κ
1321 2463 1347 2493 Β
