1843 2788
773 146 1127 184 ΕΠΙΤΑΦΙΟΣ
1623 144 1679 180 VI

276 255 501 306 ἐποιήσατο,
525 255 585 294 καὶ
609 255 662 294 ὧν
682 254 882 294 Φίλιππος
908 252 970 291 καὶ
989 249 1250 302 Ἀλέξανδρος
1276 249 1450 288 ἀκόντων
1473 247 1590 299 ἡγού-

274 338 385 373 μενοι
400 320 675 372 ἐσεμνύνοντο,
692 318 840 359 τούτων
857 316 1091 367 Λεωσθένης
1108 316 1277 357 ἑκόντων
1295 314 1366 364 τὴν
1380 313 1592 366 ἡγεμονίαν

277 389 436 438 ἔλαβεν.
498 385 648 436 συνέβη
675 384 706 424 δ’
727 385 828 438 αὐτῷ
853 387 932 425 τῶν
955 385 1027 434 μὲν
1052 381 1292 434 πραγμάτων
1311 381 1365 421 ὧν
1384 380 1591 431 προείλετο

275 455 478 505 κρατῆσαι,
505 455 574 503 τῆς
599 454 641 492 δὲ
666 450 900 502 εἱμαρμένης
925 450 994 490 οὐκ
1018 448 1066 499 ἦν
1090 446 1381 500 περιγενέσθαι.
1441 446 1590 485 δίκαιον
1622 443 1710 497 [col.
1728 448 1751 481 6

237 536 255 567 5
272 519 305 560 δ’
332 520 441 560 ἐστὶν
463 518 516 570 μὴ
540 519 662 570 μόνον
686 518 739 558 ὧν
764 514 931 567 ἔπραξεν
957 511 1204 566 Λεωσθέν[ης
1230 510 1318 564 ζῶν]
1343 511 1459 565 χάριν
1484 511 1591 564 ἔχειν
1624 508 1664 540 ¹4

272 586 372 639 αὐτῷ
414 582 594 639 πρ[ώτῳ],
632 585 738 624 ἀλλὰ
778 583 839 622 καὶ
875 585 944 632 τῆς
979 582 1144 633 ὕστερον
1183 576 1425 632 [γενομέν]ης
1459 576 1590 630 μάχης

270 654 369 702 μετὰ
393 650 476 703 τ[ὸν
502 648 663 701 ἐκείνο]υ
689 649 869 695 θάνατον,
898 648 960 688 καὶ
985 651 1062 688 τῶν
1093 646 1228 686 ἄλλων
1257 646 1416 697 ἀγαθῶν
1446 647 1523 683 τῶν
1548 644 1590 683 ἐν

271 723 319 774 τῇ
357 714 556 770 σ[τρατείᾳ
591 715 724 772 τ]αύτῃ
762 714 1002 766 συμβάντων
1038 717 1120 754 τοῖς
1148 711 1365 761 ’Ἓλλησιν
1416 710 1479 750 ἐπὶ
1513 711 1589 762 γὰρ

271 788 352 825 τοῖς
370 782 445 824 ὑπὸ
465 781 720 824 Λεωσθένους
743 783 917 822 τεθεῖσιν
942 779 1137 830 θεμελίοις
1161 780 1434 828 οἰκοδομοῦσιν
1460 777 1495 816 οἱ
1520 778 1588 816 νῦν

216 868 255 891 ιο
271 851 340 891 τὰς
368 851 536 901 ὕστερον
565 847 738 900 πράξεις.
809 847 871 887 καὶ
900 846 1034 897 μηδεὶς
1062 843 1249 900 ὑπολάβῃ
1278 860 1326 894 με
1350 846 1428 883 τῶν
1453 841 1589 882 ἄλλων
1622 852 1660 888 15

272 919 444 956 πολιτῶν
475 914 623 965 μηδένα
653 914 778 965 λόγον
810 914 1021 957 ποιεῖσθαι,
1052 909 1187 963 [ἀλλὰ]
1219 908 1432 958 Λεωσθένη
1466 908 1589 959 μόνον

271 981 536 1033 ἐγκωμιάζειν.
596 981 810 1031 συμβαίνει
834 980 908 1030 γὰρ
934 977 1003 1018 τὸν
1027 975 1282 1017 Λεωσθένους
1308 966 1469 1015 ἔπαινον
1496 971 1586 1026 [ἐπὶ]

270 1051 354 1089 ταῖς
377 1047 522 1100 μάχαις
547 1047 738 1099 ἐγκώμιον
758 1045 820 1086 καὶ
838 1048 916 1085 τῶν
934 1044 1070 1083 ἄλλων
1090 1045 1263 1083 πολιτῶν
1280 1040 1391 1082 εἶναι·
1425 1043 1492 1080 τοῦ
1515 1042 1587 1091 μὲν

270 1116 344 1166 γὰρ
375 1113 642 1165 βουλεύεσθαι
676 1115 803 1153 καλῶς
835 1112 855 1150 ὁ
889 1109 1110 1162 στρατηγὸς
1141 1110 1276 1155 αἴτιος,
1303 1110 1371 1147 τοῦ
1403 1109 1445 1147 δὲ
1476 1109 1587 1146 νικᾶν

214 1197 248 1229 ¹5
267 1179 514 1233 μαχομένους
549 1181 585 1219 οἱ
623 1177 857 1219 κινδυνεύειν
892 1176 1098 1228 ἐθέλοντες
1129 1178 1211 1217 τοῖς
1245 1174 1439 1225 σώμασιν·
1483 1173 1587 1213 ὥστε

268 1247 362 1286 ὅταν
387 1247 532 1286 ε’παινῶ
557 1245 628 1295 τὴν
653 1247 861 1296 γεγονυῖαν
887 1244 1008 1293 νίκην,
1036 1241 1114 1293 ἅμα
1138 1247 1185 1298 τῇ
1211 1238 1467 1281 Λεωσθένους
1495 1239 1585 1291 ἡγε-

267 1313 383 1366 μονίᾳ
408 1313 470 1352 καὶ
495 1311 566 1361 τὴν
590 1314 667 1351 τῶν
691 1310 828 1350 ἄλλων
852 1309 993 1361 ἀρετὴν
1019 1306 1256 1360 ἐγκωμιάζω.
1328 1307 1385 1347 τίς
1413 1307 1488 1357 γὰρ
1518 1305 1585 1345 οὐκ
1620 1302 1660 1337 16

268 1378 315 1418 ἂν
341 1379 495 1420 δικαίως
521 1379 697 1427 ἐπαινοίη
723 1380 800 1417 τῶν
831 1379 1002 1416 πολιτῶν
1031 1374 1121 1416 τοὺς
1150 1375 1192 1414 ἐν
1223 1376 1320 1428 τῷδε
1346 1375 1398 1426 τῷ
1425 1371 1584 1426 πολέμῳ

267 1443 591 1494 τελευτήσαντας,
619 1444 654 1484 οἳ
679 1444 748 1484 τὰς
774 1445 920 1483 ἑαυτῶν
945 1443 1079 1494 ψυχᾶς
1110 1440 1256 1480 ἔδωκαν
1285 1440 1382 1490 ὑπὲρ
1410 1440 1479 1488 τῆς
1507 1441 1586 1478 τῶν

210 1528 250 1549 20
267 1509 477 1560 Ἑλλήνων
502 1511 738 1560 ἐλευθερίας,
766 1507 1047 1560 φανερωτάτην
1072 1505 1273 1556 ἀπόδειξιν
1297 1504 1442 1555 ταύτην
1466 1504 1583 1556 ἡγού-

265 1593 378 1627 μενοι
421 1575 518 1617 εἶναι
555 1579 622 1615 τοῦ
660 1571 913 1626 [βούλ]εσθαι
953 1579 1000 1630 τῇ
1037 1571 1206 1613 Ἑλλάδι
1245 1571 1317 1622 τὴν
1360 1571 1584 1622 ἐλευθερίαν

266 1646 494 1694 περιθεῖναι,
515 1643 559 1682 τὸ
583 1638 830 1695 μαχόμῘενοι]
855 1643 1090 1690 τελευτῆσαι
1114 1640 1209 1690 ὑπὲρ
1235 1638 1364 1688 αὐτῆς.
1424 1636 1526 1689 μέγα
1551 1637 1584 1676 δ’
1614 1630 1703 1684 [ΟΟῙ-
1724 1637 1743 1669 7

265 1708 394 1751 αὐτοῖς
431 1707 678 1759 συνεβάλετο
715 1709 769 1749 εἷς
804 1707 847 1747 τὸ
885 1706 1090 1759 προθύμως
1124 1707 1221 1757 ὑπὲρ
1255 1707 1324 1754 τῆς
1361 1701 1585 1756 [Ἑλλά]δος
1619 1696 1657 1729 ¹7

265 1776 542 1827 ἀγωνίσασθαι
577 1775 621 1815 τὸ
652 1776 694 1815 ἐν
730 1779 777 1830 τῇ
812 1774 979 1826 Βοιωτίᾳ
1014 1772 1085 1822 τὴν
1121 1770 1252 1825 μάχην
1289 1770 1360 1820 τὴν
1396 1767 1583 1821 π[ρώτην]

207 1856 243 1887 25
264 1841 462 1893 γενέσθαι.
535 1841 666 1893 ἑώρων
703 1842 777 1892 γὰρ
814 1839 884 1889 τὴν
923 1840 1040 1879 πόλιν
1078 1842 1155 1879 τῶν
1192 1838 1388 1888 Θηβαίων
1424 1837 1584 1887 οἰκτρῶς

263 1906 569 1959 ἑζήφαῖνισμένην
594 1907 641 1957 ἐξ
662 1906 891 1958 ἀνθρώπων,
913 1905 984 1955 τὴν
1009 1907 1051 1946 δὲ
1076 1905 1292 1956 ἀκρόπολιν
1317 1903 1435 1953 αὐτῆς
1461 1908 1581 1955 φρου-

261 1973 452 2025 ρουμένην
471 1974 545 2014 ὑπὸ
564 1977 641 2013 τῶν
659 1973 913 2017 Μακεδόνων,
929 1973 976 2011 τὰ
993 1973 1033 2012 δὲ
1050 1971 1214 2021 σώματα
1228 1974 1305 2010 τῶν
1325 1969 1582 2010 ἐνοικούντων

307 2093 326 2121 5
356 2082 416 2122 ζῶν
438 2083 593 2122 Kayser:
620 2084 713 2115 αὐτὸς
736 2082 818 2113 Bab.
844 2084 920 2122 (pro
947 2082 1054 2120 spatio
1079 2081 1234 2121 nimium)
1374 2081 1395 2110 6
1420 2081 1534 2121 πρώτῳ
1556 2080 1583 2110 Β

262 2125 439 2167 ’γενομένης
463 2126 542 2157 Bab.
559 2141 567 2157 τ
591 2126 812 2166 γεγενημένης
835 2126 972 2155 nimium
993 2125 1111 2155 fuisset
1275 2134 1291 2162 7
1319 2123 1440 2155 ἐκείνου
1463 2123 1584 2153 Mfiller

262 2171 282 2199 8
306 2170 461 2211 στρατείᾳ
479 2169 560 2199 Bab.
682 2178 716 2198 11
744 2169 831 2200 ἀλλὰ
848 2168 985 2208 Sauppe
1072 2167 1185 2208 μόνον]
1202 2181 1262 2206 μεν
1275 2165 1321 2210 ἐ,
1341 2176 1425 2197 corr.
1447 2166 1518 2205 Cb„
1538 2167 1579 2197 al.

267 2223 303 2243 12
322 2213 371 2243 ἐπὶ
387 2212 466 2244 Bab.
564 2222 601 2242 21
621 2211 797 2249 βούλεσθαι
810 2211 891 2243 Bab.
990 2221 1031 2241 22
1047 2209 1225 2251 μαχόμενοι
1238 2210 1331 2249 Bab„
1349 2222 1416 2241 -ους
1430 2209 1577 2249 Sauppe,

262 2255 351 2295 quod
369 2255 478 2294 spatio
495 2256 605 2285 minus
622 2255 778 2285 convenit
900 2264 941 2294 23
965 2253 1119 2286 Ἑλλάδος
1136 2253 1275 2293 Sauppe
1291 2265 1297 2283 :
1321 2253 1471 2294 πατρίδος
1490 2251 1579 2289 Bab„

262 2299 350 2338 quod
367 2307 431 2337 pro
448 2299 557 2338 spatio
575 2298 712 2328 nimium
725 2298 857 2328 videtur
944 2307 983 2336 24
1008 2297 1138 2339 πρώτην
1150 2296 1209 2328 Cb.
1228 2307 1236 2327 :
1258 2295 1359 2338 προτέ
1378 2309 1415 2328 αν
1429 2295 1578 2335 Sauppe,

262 2355 328 2384 ·ρον
346 2340 429 2372 Bab.
566 2343 608 2371 26
632 2340 854 2381 ἠφανισμένην
872 2340 954 2372 Bab.
1068 2339 1180 2380 αὐτῆς]
1201 2344 1333 2380 εξαυτης
1349 2309 1393 2383 ἐ,
1414 2348 1498 2369 corr.
1519 2339 1577 2371 Cb..

260 2395 300 2423 27
326 2384 377 2424 δὲῖ
395 2398 431 2416 τε
448 2384 491 2428 ᾖ,
513 2395 595 2416 corr.
613 2384 675 2415 Cb.

306 2448 383 2469 ΗΥΡ.
1077 2444 1082 2450 ’
1431 2440 1446 2467 4
