<?xml version="1.0" encoding="UTF-8"?>
<!DOCTYPE html PUBLIC "-//W3C//DTD XHTML 1.0 Transitional//EN"
    "http://www.w3.org/TR/xhtml1/DTD/xhtml1-transitional.dtd">
<html xmlns="http://www.w3.org/1999/xhtml" xml:lang="en" lang="en">
 <head>
  <title>
</title>
<meta http-equiv="Content-Type" content="text/html;charset=utf-8" />
  <meta name='ocr-system' content='tesseract 3.04.00' />
  <meta name='ocr-capabilities' content='ocr_page ocr_carea ocr_par ocr_line ocrx_word'/>
</head>
<body>
  <div class='ocr_page' id='page_1' title='image "./hyperidisoetfrag00hypeuoft_0065.png"; bbox 0 0 1843 2788; ppageno 0'>
   <div class='ocr_carea' id='block_1_1' title="bbox 0 0 26 2788">
    <p class='ocr_par' dir='ltr' id='par_1_1' title="bbox 0 0 26 2788">
     <span class='ocr_line' id='line_1_1' title="bbox 0 0 26 2788; baseline 0 0"><span class='ocrx_word' id='word_1_1' title='bbox 0 0 26 2788; x_wconf 95' lang='lat' dir='ltr'> </span> 
     </span>
    </p>
   </div>
   <div class='ocr_carea' id='block_1_2' title="bbox 237 536 253 567">
    <p class='ocr_par' dir='ltr' id='par_1_2' title="bbox 237 536 253 567">
     <span class='ocr_line' id='line_1_2' title="bbox 237 536 253 567; baseline 0 0"><span class='ocrx_word' id='word_1_2' title='bbox 237 536 253 567; x_wconf 80' lang='lat'>5</span> 
     </span>
    </p>
   </div>
   <div class='ocr_carea' id='block_1_3' title="bbox 219 867 257 889">
    <p class='ocr_par' dir='ltr' id='par_1_3' title="bbox 219 867 257 889">
     <span class='ocr_line' id='line_1_3' title="bbox 219 867 257 889; baseline 0.026 -1"><span class='ocrx_word' id='word_1_3' title='bbox 219 867 257 889; x_wconf 88' lang='lat'>10</span> 
     </span>
    </p>
   </div>
   <div class='ocr_carea' id='block_1_4' title="bbox 217 1199 255 1230">
    <p class='ocr_par' dir='ltr' id='par_1_4' title="bbox 217 1199 255 1230">
     <span class='ocr_line' id='line_1_4' title="bbox 217 1199 255 1230; baseline 0 0"><span class='ocrx_word' id='word_1_4' title='bbox 217 1199 255 1230; x_wconf 84' lang='lat'>15</span> 
     </span>
    </p>
   </div>
   <div class='ocr_carea' id='block_1_5' title="bbox 217 1529 257 1550">
    <p class='ocr_par' dir='ltr' id='par_1_5' title="bbox 217 1529 257 1550">
     <span class='ocr_line' id='line_1_5' title="bbox 217 1529 257 1550; baseline 0 0"><span class='ocrx_word' id='word_1_5' title='bbox 217 1529 257 1550; x_wconf 90' lang='lat'>20</span> 
     </span>
    </p>
   </div>
   <div class='ocr_carea' id='block_1_6' title="bbox 217 1861 254 1892">
    <p class='ocr_par' dir='ltr' id='par_1_6' title="bbox 217 1861 254 1892">
     <span class='ocr_line' id='line_1_6' title="bbox 217 1861 254 1892; baseline 0 0"><span class='ocrx_word' id='word_1_6' title='bbox 217 1861 254 1892; x_wconf 80' lang='lat'>25</span> 
     </span>
    </p>
   </div>
   <div class='ocr_carea' id='block_1_7' title="bbox 762 146 1111 183">
    <p class='ocr_par' dir='ltr' id='par_1_7' title="bbox 762 146 1111 183">
     <span class='ocr_line' id='line_1_7' title="bbox 762 146 1111 183; baseline 0 -1"><span class='ocrx_word' id='word_1_7' title='bbox 762 146 1111 183; x_wconf 74' lang='grc' dir='ltr'>ΕΠῙΤΑΦῙΟΣ</span> 
     </span>
    </p>
   </div>
   <div class='ocr_carea' id='block_1_8' title="bbox 271 247 1593 2161">
    <p class='ocr_par' dir='ltr' id='par_1_8' title="bbox 271 247 1591 1033">
     <span class='ocr_line' id='line_1_8' title="bbox 272 247 1586 305; baseline -0.002 -14"><span class='ocrx_word' id='word_1_8' title='bbox 272 254 319 292; x_wconf 76' lang='grc' dir='ltr'>τέι</span> <span class='ocrx_word' id='word_1_9' title='bbox 348 251 442 303; x_wconf 86' lang='grc' dir='ltr'>πρὸς</span> <span class='ocrx_word' id='word_1_10' title='bbox 472 250 582 291; x_wconf 84' lang='grc' dir='ltr'>θεοὺς</span> <span class='ocrx_word' id='word_1_11' title='bbox 616 251 708 289; x_wconf 88' lang='grc' dir='ltr'>ὅσια</span> <span class='ocrx_word' id='word_1_12' title='bbox 740 251 802 289; x_wconf 76' lang='grc' dir='ltr'>διὰ</span> <span class='ocrx_word' id='word_1_13' title='bbox 834 249 904 298; x_wconf 78' lang='grc' dir='ltr'>τὴν</span> <span class='ocrx_word' id='word_1_14' title='bbox 931 249 1171 289; x_wconf 80' lang='grc' dir='ltr'>Μακεδόνων</span> <span class='ocrx_word' id='word_1_15' title='bbox 1204 249 1354 298; x_wconf 86' lang='grc' dir='ltr'>τόλμαν</span> <span class='ocrx_word' id='word_1_16' title='bbox 1388 247 1586 305; x_wconf 79' lang='grc' dir='ltr'>ἀνῄρηται,</span> 
     </span>
     <span class='ocr_line' id='line_1_9' title="bbox 273 314 1585 369; baseline -0.001 -12"><span class='ocrx_word' id='word_1_17' title='bbox 273 319 312 358; x_wconf 90' lang='grc' dir='ltr'>τί</span> <span class='ocrx_word' id='word_1_18' title='bbox 332 319 380 357; x_wconf 77' lang='grc' dir='ltr'>τῖι</span> <span class='ocrx_word' id='word_1_19' title='bbox 404 319 500 369; x_wconf 82' lang='grc' dir='ltr'>πρὸς</span> <span class='ocrx_word' id='word_1_20' title='bbox 524 316 614 357; x_wconf 87' lang='grc' dir='ltr'>τοὺς</span> <span class='ocrx_word' id='word_1_21' title='bbox 644 315 869 366; x_wconf 81' lang='grc' dir='ltr'>ἀνθρώπους</span> <span class='ocrx_word' id='word_1_22' title='bbox 902 315 978 368; x_wconf 79' lang='grc' dir='ltr'>χρὴ</span> <span class='ocrx_word' id='word_1_23' title='bbox 1004 314 1192 365; x_wconf 81' lang='grc' dir='ltr'>νομίζειν,·</span> <span class='ocrx_word' id='word_1_24' title='bbox 1230 314 1290 366; x_wconf 76' lang='grc' dir='ltr'>ἆρ’</span> <span class='ocrx_word' id='word_1_25' title='bbox 1316 315 1383 355; x_wconf 83' lang='grc' dir='ltr'>οὐκ</span> <span class='ocrx_word' id='word_1_26' title='bbox 1411 314 1459 355; x_wconf 76' lang='grc' dir='ltr'>ἂν</span> <span class='ocrx_word' id='word_1_27' title='bbox 1490 331 1585 356; x_wconf 92' lang='grc' dir='ltr'>παν-</span> 
     </span>
     <span class='ocr_line' id='line_1_10' title="bbox 273 381 1589 435; baseline -0.002 -11"><span class='ocrx_word' id='word_1_28' title='bbox 273 387 396 425; x_wconf 88' lang='grc' dir='ltr'>τελῶς</span> <span class='ocrx_word' id='word_1_29' title='bbox 417 382 727 427; x_wconf 89' lang='grc' dir='ltr'>καταλελύσθαι,·</span> <span class='ocrx_word' id='word_1_30' title='bbox 766 382 871 421; x_wconf 82' lang='grc' dir='ltr'>ὥστε</span> <span class='ocrx_word' id='word_1_31' title='bbox 896 383 978 435; x_wconf 84' lang='grc' dir='ltr'>ὅσῳ</span> <span class='ocrx_word' id='word_1_32' title='bbox 1005 381 1203 433; x_wconf 89' lang='grc' dir='ltr'>δεινότερα</span> <span class='ocrx_word' id='word_1_33' title='bbox 1227 383 1275 421; x_wconf 75' lang='grc' dir='ltr'>τὰ</span> <span class='ocrx_word' id='word_1_34' title='bbox 1295 381 1589 433; x_wconf 81' lang='grc' dir='ltr'>προσδοκώμεν’</span> 
     </span>
     <span class='ocr_line' id='line_1_11' title="bbox 273 447 1590 502; baseline -0.001 -12"><span class='ocrx_word' id='word_1_35' title='bbox 273 449 321 490; x_wconf 78' lang='grc' dir='ltr'>ἂν</span> <span class='ocrx_word' id='word_1_36' title='bbox 361 448 549 502; x_wconf 82' lang='grc' dir='ltr'>γενέσθαι</span> <span class='ocrx_word' id='word_1_37' title='bbox 590 450 798 499; x_wconf 91' lang='grc' dir='ltr'>κρίνοιμεν,</span> <span class='ocrx_word' id='word_1_38' title='bbox 842 449 1018 502; x_wconf 79' lang='grc' dir='ltr'>τοσούτῳ</span> <span class='ocrx_word' id='word_1_39' title='bbox 1061 447 1248 498; x_wconf 75' lang='grc' dir='ltr'>μειζόνων</span> <span class='ocrx_word' id='word_1_40' title='bbox 1289 448 1459 488; x_wconf 84' lang='grc' dir='ltr'>ἐπαίνων</span> <span class='ocrx_word' id='word_1_41' title='bbox 1501 448 1590 489; x_wconf 81' lang='grc' dir='ltr'>τοὺς</span> 
     </span>
     <span class='ocr_line' id='line_1_12' title="bbox 273 513 1590 567; baseline -0.003 -10"><span class='ocrx_word' id='word_1_42' title='bbox 273 515 600 565; x_wconf 78' lang='grc' dir='ltr'>τετελευτηκότας</span> <span class='ocrx_word' id='word_1_43' title='bbox 625 513 755 565; x_wconf 81' lang='grc' dir='ltr'>ἀξίους</span> <span class='ocrx_word' id='word_1_44' title='bbox 779 514 853 567; x_wconf 80' lang='grc' dir='ltr'>χρὴ</span> <span class='ocrx_word' id='word_1_45' title='bbox 880 515 1062 565; x_wconf 77' lang='grc' dir='ltr'>νομίζειν.</span> <span class='ocrx_word' id='word_1_46' title='bbox 1122 513 1280 564; x_wconf 80' lang='grc' dir='ltr'>οὐδεμία</span> <span class='ocrx_word' id='word_1_47' title='bbox 1304 515 1377 566; x_wconf 80' lang='grc' dir='ltr'>γὰρ</span> <span class='ocrx_word' id='word_1_48' title='bbox 1404 515 1590 566; x_wconf 87' lang='grc' dir='ltr'>στρατεία</span> 
     </span>
     <span class='ocr_line' id='line_1_13' title="bbox 272 579 1590 634; baseline -0.002 -12"><span class='ocrx_word' id='word_1_49' title='bbox 272 582 343 632; x_wconf 85' lang='grc' dir='ltr'>τὴν</span> <span class='ocrx_word' id='word_1_50' title='bbox 359 579 470 633; x_wconf 84' lang='grc' dir='ltr'>&lt;τῶν&gt;</span> <span class='ocrx_word' id='word_1_51' title='bbox 488 580 809 634; x_wconf 80' lang='grc' dir='ltr'>στρατευομένων</span> <span class='ocrx_word' id='word_1_52' title='bbox 829 580 971 633; x_wconf 81' lang='grc' dir='ltr'>ἀρετὴν</span> <span class='ocrx_word' id='word_1_53' title='bbox 990 579 1228 632; x_wconf 85' lang='grc' dir='ltr'>ἐνεφάνισεν</span> <span class='ocrx_word' id='word_1_54' title='bbox 1252 583 1409 631; x_wconf 83' lang='grc' dir='ltr'>μᾶλλον</span> <span class='ocrx_word' id='word_1_55' title='bbox 1434 583 1502 631; x_wconf 90' lang='grc' dir='ltr'>τῆς</span> <span class='ocrx_word' id='word_1_56' title='bbox 1521 584 1590 621; x_wconf 84' lang='grc' dir='ltr'>νῦν</span> 
     </span>
     <span class='ocr_line' id='line_1_14' title="bbox 271 645 1590 703; baseline -0.001 -15"><span class='ocrx_word' id='word_1_57' title='bbox 271 646 546 701; x_wconf 83' lang='grc' dir='ltr'>γεγενημένης,</span> <span class='ocrx_word' id='word_1_58' title='bbox 571 649 612 688; x_wconf 84' lang='grc' dir='ltr'>ἐν</span> <span class='ocrx_word' id='word_1_59' title='bbox 630 645 656 703; x_wconf 79' lang='grc' dir='ltr'><em>ᾗ</em></span> <span class='ocrx_word' id='word_1_60' title='bbox 674 664 719 699; x_wconf 86' lang='grc' dir='ltr'>γε</span> <span class='ocrx_word' id='word_1_61' title='bbox 739 645 1057 699; x_wconf 81' lang='grc' dir='ltr'>παρατάττεσθαι</span> <span class='ocrx_word' id='word_1_62' title='bbox 1075 648 1148 697; x_wconf 80' lang='grc' dir='ltr'>μὲν</span> <span class='ocrx_word' id='word_1_63' title='bbox 1167 645 1359 698; x_wconf 85' lang='grc' dir='ltr'>ὁσημέραι</span> <span class='ocrx_word' id='word_1_64' title='bbox 1377 647 1590 699; x_wconf 79' lang='grc' dir='ltr'>ἀναγκαῖον</span> 
     </span>
     <span class='ocr_line' id='line_1_15' title="bbox 273 709 1590 767; baseline 0.001 -13"><span class='ocrx_word' id='word_1_65' title='bbox 273 714 333 765; x_wconf 82' lang='grc' dir='ltr'>ἧν,</span> <span class='ocrx_word' id='word_1_66' title='bbox 360 714 520 756; x_wconf 86' lang='grc' dir='ltr'>πλείους</span> <span class='ocrx_word' id='word_1_67' title='bbox 545 716 586 754; x_wconf 84' lang='grc' dir='ltr'>δὲ</span> <span class='ocrx_word' id='word_1_68' title='bbox 609 713 740 767; x_wconf 85' lang='grc' dir='ltr'>μάχας</span> <span class='ocrx_word' id='word_1_69' title='bbox 765 713 985 765; x_wconf 83' lang='grc' dir='ltr'>ἠγωνίσθαι</span> <span class='ocrx_word' id='word_1_70' title='bbox 1009 714 1073 753; x_wconf 78' lang='grc' dir='ltr'>διὰ</span> <span class='ocrx_word' id='word_1_71' title='bbox 1104 716 1195 763; x_wconf 81' lang='grc' dir='ltr'>μιᾶς</span> <span class='ocrx_word' id='word_1_72' title='bbox 1220 713 1428 765; x_wconf 86' lang='grc' dir='ltr'>στρατείας</span> <span class='ocrx_word' id='word_1_73' title='bbox 1452 709 1475 762; x_wconf 83' lang='grc' dir='ltr'>ἢ</span> <span class='ocrx_word' id='word_1_74' title='bbox 1500 712 1590 755; x_wconf 84' lang='grc' dir='ltr'>τοὺς</span> 
     </span>
     <span class='ocr_line' id='line_1_16' title="bbox 274 779 1588 833; baseline 0 -13"><span class='ocrx_word' id='word_1_75' title='bbox 274 780 419 822; x_wconf 82' lang='grc' dir='ltr'>ἄλλους</span> <span class='ocrx_word' id='word_1_76' title='bbox 438 780 588 822; x_wconf 84' lang='grc' dir='ltr'>πάντας</span> <span class='ocrx_word' id='word_1_77' title='bbox 603 781 760 832; x_wconf 81' lang='grc' dir='ltr'>πληγὰς</span> <span class='ocrx_word' id='word_1_78' title='bbox 774 779 997 830; x_wconf 82' lang='grc' dir='ltr'>λαμβάνειν</span> <span class='ocrx_word' id='word_1_79' title='bbox 1014 780 1055 819; x_wconf 87' lang='grc' dir='ltr'>ἐν</span> <span class='ocrx_word' id='word_1_80' title='bbox 1071 780 1122 833; x_wconf 79' lang='grc' dir='ltr'>τῷ</span> <span class='ocrx_word' id='word_1_81' title='bbox 1137 779 1427 831; x_wconf 85' lang='grc' dir='ltr'>παρεληλυθότι</span> <span class='ocrx_word' id='word_1_82' title='bbox 1446 779 1588 833; x_wconf 81' lang='grc' dir='ltr'>χρόνῳ,</span> 
     </span>
     <span class='ocr_line' id='line_1_17' title="bbox 273 844 1591 900; baseline -0.002 -12"><span class='ocrx_word' id='word_1_83' title='bbox 273 847 478 900; x_wconf 85' lang='grc' dir='ltr'>χειμώνων</span> <span class='ocrx_word' id='word_1_84' title='bbox 515 845 548 885; x_wconf 84' lang='grc' dir='ltr'>δ’</span> <span class='ocrx_word' id='word_1_85' title='bbox 586 847 813 898; x_wconf 78' lang='grc' dir='ltr'>ὑπερβολὰς</span> <span class='ocrx_word' id='word_1_86' title='bbox 850 845 912 885; x_wconf 87' lang='grc' dir='ltr'>καὶ</span> <span class='ocrx_word' id='word_1_87' title='bbox 948 849 1025 885; x_wconf 87' lang='grc' dir='ltr'>τῶν</span> <span class='ocrx_word' id='word_1_88' title='bbox 1061 845 1146 885; x_wconf 91' lang='grc' dir='ltr'>καθ’</span> <span class='ocrx_word' id='word_1_89' title='bbox 1183 844 1331 897; x_wconf 86' lang='grc' dir='ltr'>ἡμέραν</span> <span class='ocrx_word' id='word_1_90' title='bbox 1367 846 1591 897; x_wconf 85' lang='grc' dir='ltr'>ἀναγκαίων</span> 
     </span>
     <span class='ocr_line' id='line_1_18' title="bbox 275 912 1587 963; baseline -0.001 -10"><span class='ocrx_word' id='word_1_91' title='bbox 275 913 424 954; x_wconf 85' lang='grc' dir='ltr'>ἐνδείας</span> <span class='ocrx_word' id='word_1_92' title='bbox 453 912 649 953; x_wconf 83' lang='grc' dir='ltr'>τοσαύτας</span> <span class='ocrx_word' id='word_1_93' title='bbox 681 912 741 952; x_wconf 85' lang='grc' dir='ltr'>καὶ</span> <span class='ocrx_word' id='word_1_94' title='bbox 766 912 1001 962; x_wconf 86' lang='grc' dir='ltr'>τηλικαύτας</span> <span class='ocrx_word' id='word_1_95' title='bbox 1026 912 1147 953; x_wconf 81' lang='grc' dir='ltr'>οὕτως</span> <span class='ocrx_word' id='word_1_96' title='bbox 1172 913 1369 963; x_wconf 82' lang='grc' dir='ltr'>ἐγκρατῶς</span> <span class='ocrx_word' id='word_1_97' title='bbox 1391 912 1587 963; x_wconf 82' lang='grc' dir='ltr'>ὑπομεμε-</span> 
     </span>
     <span class='ocr_line' id='line_1_19' title="bbox 275 977 1399 1033; baseline -0.001 -14"><span class='ocrx_word' id='word_1_98' title='bbox 275 978 446 1030; x_wconf 89' lang='grc' dir='ltr'>νηκέναι,</span> <span class='ocrx_word' id='word_1_99' title='bbox 474 979 577 1018; x_wconf 84' lang='grc' dir='ltr'>ὥστε</span> <span class='ocrx_word' id='word_1_100' title='bbox 604 979 665 1018; x_wconf 84' lang='grc' dir='ltr'>καὶ</span> <span class='ocrx_word' id='word_1_101' title='bbox 690 982 742 1033; x_wconf 80' lang='grc' dir='ltr'>τῷ</span> <span class='ocrx_word' id='word_1_102' title='bbox 767 978 876 1032; x_wconf 84' lang='grc' dir='ltr'>λόγῳ</span> <span class='ocrx_word' id='word_1_103' title='bbox 902 977 1081 1031; x_wconf 85' lang='grc' dir='ltr'>χαλεπὸν</span> <span class='ocrx_word' id='word_1_104' title='bbox 1107 977 1208 1018; x_wconf 79' lang='grc' dir='ltr'>εἶναι</span> <span class='ocrx_word' id='word_1_105' title='bbox 1232 977 1399 1030; x_wconf 84' lang='grc' dir='ltr'>φράσαι.</span> 
     </span>
    </p>

    <p class='ocr_par' dir='ltr' id='par_1_9' title="bbox 273 1044 1593 2161">
     <span class='ocr_line' id='line_1_20' title="bbox 328 1044 1592 1097; baseline 0.001 -12"><span class='ocrx_word' id='word_1_106' title='bbox 328 1044 410 1086; x_wconf 83' lang='grc' dir='ltr'>Τὸν</span> <span class='ocrx_word' id='word_1_107' title='bbox 435 1044 479 1095; x_wconf 80' lang='grc' dir='ltr'>δὴ</span> <span class='ocrx_word' id='word_1_108' title='bbox 505 1045 683 1087; x_wconf 87' lang='grc' dir='ltr'>τοιαύτας</span> <span class='ocrx_word' id='word_1_109' title='bbox 708 1045 909 1097; x_wconf 86' lang='grc' dir='ltr'>καρτερίας</span> <span class='ocrx_word' id='word_1_110' title='bbox 927 1044 1078 1086; x_wconf 86' lang='grc' dir='ltr'>ἀόκνως</span> <span class='ocrx_word' id='word_1_111' title='bbox 1095 1045 1302 1095; x_wconf 83' lang='grc' dir='ltr'>ὑπομεῖναι</span> <span class='ocrx_word' id='word_1_112' title='bbox 1319 1044 1409 1086; x_wconf 85' lang='grc' dir='ltr'>τοὺς</span> <span class='ocrx_word' id='word_1_113' title='bbox 1427 1045 1592 1086; x_wconf 86' lang='grc' dir='ltr'>πολίτας</span> 
     </span>
     <span class='ocr_line' id='line_1_21' title="bbox 275 1110 1590 1166; baseline -0.002 -13"><span class='ocrx_word' id='word_1_114' title='bbox 275 1110 601 1164; x_wconf 82' lang='grc' dir='ltr'>προτρεψάμενον</span> <span class='ocrx_word' id='word_1_115' title='bbox 633 1110 858 1161; x_wconf 86' lang='grc' dir='ltr'>Λεωσθένη,</span> <span class='ocrx_word' id='word_1_116' title='bbox 892 1111 953 1151; x_wconf 83' lang='grc' dir='ltr'>καὶ</span> <span class='ocrx_word' id='word_1_117' title='bbox 985 1110 1076 1152; x_wconf 85' lang='grc' dir='ltr'>τοὺς</span> <span class='ocrx_word' id='word_1_118' title='bbox 1107 1111 1159 1165; x_wconf 75' lang='grc' dir='ltr'>τῷ</span> <span class='ocrx_word' id='word_1_119' title='bbox 1186 1110 1348 1165; x_wconf 78' lang='grc' dir='ltr'>τοιούτῳ</span> <span class='ocrx_word' id='word_1_120' title='bbox 1383 1115 1590 1166; x_wconf 78' lang='grc' dir='ltr'>στρατηγῷ</span> 
     </span>
     <span class='ocr_line' id='line_1_22' title="bbox 276 1176 1592 1230; baseline -0.001 -12"><span class='ocrx_word' id='word_1_121' title='bbox 276 1179 482 1230; x_wconf 84' lang='grc' dir='ltr'>προθύμως</span> <span class='ocrx_word' id='word_1_122' title='bbox 507 1179 808 1230; x_wconf 78' lang='grc' dir='ltr'>συναγωνιστὰς</span> <span class='ocrx_word' id='word_1_123' title='bbox 836 1180 946 1230; x_wconf 80' lang='grc' dir='ltr'>σφᾶς</span> <span class='ocrx_word' id='word_1_124' title='bbox 973 1176 1111 1218; x_wconf 81' lang='grc' dir='ltr'>αὐτοὺς</span> <span class='ocrx_word' id='word_1_125' title='bbox 1140 1177 1434 1230; x_wconf 88' lang='grc' dir='ltr'>παρασχόντας,</span> <span class='ocrx_word' id='word_1_126' title='bbox 1462 1176 1522 1229; x_wconf 76' lang='grc' dir='ltr'>ἆρ’</span> <span class='ocrx_word' id='word_1_127' title='bbox 1548 1177 1592 1217; x_wconf 85' lang='grc' dir='ltr'>οὐ</span> 
     </span>
     <span class='ocr_line' id='line_1_23' title="bbox 275 1240 1592 1296; baseline 0 -12"><span class='ocrx_word' id='word_1_128' title='bbox 275 1246 338 1284; x_wconf 80' lang='grc' dir='ltr'>διὰ</span> <span class='ocrx_word' id='word_1_129' title='bbox 367 1244 439 1294; x_wconf 80' lang='grc' dir='ltr'>τὴν</span> <span class='ocrx_word' id='word_1_130' title='bbox 467 1246 535 1294; x_wconf 87' lang='grc' dir='ltr'>τῆς</span> <span class='ocrx_word' id='word_1_131' title='bbox 567 1245 706 1296; x_wconf 85' lang='grc' dir='ltr'>ἀρετῆς</span> <span class='ocrx_word' id='word_1_132' title='bbox 737 1243 938 1294; x_wconf 82' lang='grc' dir='ltr'>ἀπόδειξιν</span> <span class='ocrx_word' id='word_1_133' title='bbox 972 1243 1147 1296; x_wconf 80' lang='grc' dir='ltr'>εὐτυχεῖς</span> <span class='ocrx_word' id='word_1_134' title='bbox 1177 1247 1347 1294; x_wconf 79' lang='grc' dir='ltr'>μᾶλλον,</span> <span class='ocrx_word' id='word_1_135' title='bbox 1373 1240 1397 1294; x_wconf 83' lang='grc' dir='ltr'>ἢ</span> <span class='ocrx_word' id='word_1_136' title='bbox 1428 1245 1490 1284; x_wconf 82' lang='grc' dir='ltr'>διὰ</span> <span class='ocrx_word' id='word_1_137' title='bbox 1509 1244 1592 1294; x_wconf 60' lang='grc' dir='ltr'>’τὴν</span> 
     </span>
     <span class='ocr_line' id='line_1_24' title="bbox 274 1308 1589 1363; baseline -0.002 -12"><span class='ocrx_word' id='word_1_138' title='bbox 274 1314 342 1351; x_wconf 80' lang='grc' dir='ltr'>τοῦ</span> <span class='ocrx_word' id='word_1_139' title='bbox 368 1311 438 1361; x_wconf 80' lang='grc' dir='ltr'>ζῆν</span> <span class='ocrx_word' id='word_1_140' title='bbox 464 1311 681 1363; x_wconf 79' lang='grc' dir='ltr'>ἀπόλειψιν</span> <span class='ocrx_word' id='word_1_141' title='bbox 711 1311 868 1363; x_wconf 86' lang='grc' dir='ltr'>ἀτυχεῖς</span> <span class='ocrx_word' id='word_1_142' title='bbox 899 1308 1128 1361; x_wconf 84' lang='grc' dir='ltr'>νομιστέον;</span> <span class='ocrx_word' id='word_1_143' title='bbox 1166 1310 1308 1352; x_wconf 82' lang='grc' dir='ltr'>οἵτινες</span> <span class='ocrx_word' id='word_1_144' title='bbox 1338 1313 1479 1361; x_wconf 84' lang='grc' dir='ltr'>θνητοῦ</span> <span class='ocrx_word' id='word_1_145' title='bbox 1511 1311 1589 1350; x_wconf 85' lang='grc' dir='ltr'>σώ-</span> 
     </span>
     <span class='ocr_line' id='line_1_25' title="bbox 273 1376 1592 1429; baseline 0 -12"><span class='ocrx_word' id='word_1_146' title='bbox 273 1393 393 1427; x_wconf 87' lang='grc' dir='ltr'>ματος</span> <span class='ocrx_word' id='word_1_147' title='bbox 417 1376 613 1417; x_wconf 88' lang='grc' dir='ltr'>ἀθάνατον</span> <span class='ocrx_word' id='word_1_148' title='bbox 639 1376 758 1427; x_wconf 82' lang='grc' dir='ltr'>δόξαν</span> <span class='ocrx_word' id='word_1_149' title='bbox 781 1376 1012 1427; x_wconf 80' lang='grc' dir='ltr'>ἐκτήσαντο,</span> <span class='ocrx_word' id='word_1_150' title='bbox 1040 1376 1102 1416; x_wconf 86' lang='grc' dir='ltr'>καὶ</span> <span class='ocrx_word' id='word_1_151' title='bbox 1126 1377 1188 1417; x_wconf 79' lang='grc' dir='ltr'>διὰ</span> <span class='ocrx_word' id='word_1_152' title='bbox 1217 1376 1288 1427; x_wconf 79' lang='grc' dir='ltr'>τὴν</span> <span class='ocrx_word' id='word_1_153' title='bbox 1318 1376 1420 1417; x_wconf 84' lang='grc' dir='ltr'>ἰδίαν</span> <span class='ocrx_word' id='word_1_154' title='bbox 1451 1377 1592 1429; x_wconf 80' lang='grc' dir='ltr'>ἀρετὴν</span> 
     </span>
     <span class='ocr_line' id='line_1_26' title="bbox 273 1441 1592 1496; baseline 0.001 -13"><span class='ocrx_word' id='word_1_155' title='bbox 273 1443 345 1493; x_wconf 78' lang='grc' dir='ltr'>τὴν</span> <span class='ocrx_word' id='word_1_156' title='bbox 378 1443 511 1493; x_wconf 75' lang='grc' dir='ltr'>κοινὴν</span> <span class='ocrx_word' id='word_1_157' title='bbox 542 1445 767 1494; x_wconf 83' lang='grc' dir='ltr'>ἐλευθερίαν</span> <span class='ocrx_word' id='word_1_158' title='bbox 800 1447 882 1484; x_wconf 84' lang='grc' dir='ltr'>τοῖς</span> <span class='ocrx_word' id='word_1_159' title='bbox 907 1441 1112 1493; x_wconf 71' lang='grc' dir='ltr'>“Ἐλλησιν</span> <span class='ocrx_word' id='word_1_160' title='bbox 1145 1444 1417 1494; x_wconf 81' lang='grc' dir='ltr'>ἐβεβαίωσαν.</span> <span class='ocrx_word' id='word_1_161' title='bbox 1479 1443 1592 1496; x_wconf 87' lang='grc' dir='ltr'>φέρει</span> 
     </span>
     <span class='ocr_line' id='line_1_27' title="bbox 275 1509 1593 1562; baseline 0.002 -13"><span class='ocrx_word' id='word_1_162' title='bbox 275 1511 348 1562; x_wconf 76' lang='grc' dir='ltr'>γὰρ</span> <span class='ocrx_word' id='word_1_163' title='bbox 374 1511 485 1550; x_wconf 80' lang='grc' dir='ltr'>οὐδὲν</span> <span class='ocrx_word' id='word_1_164' title='bbox 511 1509 756 1560; x_wconf 83' lang='grc' dir='ltr'>εὐδαιμονίαν</span> <span class='ocrx_word' id='word_1_165' title='bbox 780 1509 872 1550; x_wconf 81' lang='grc' dir='ltr'>ἄνευ</span> <span class='ocrx_word' id='word_1_166' title='bbox 892 1512 960 1560; x_wconf 86' lang='grc' dir='ltr'>τῆς</span> <span class='ocrx_word' id='word_1_167' title='bbox 984 1509 1230 1560; x_wconf 80' lang='grc' dir='ltr'>αὐτονομίας.</span> <span class='ocrx_word' id='word_1_168' title='bbox 1290 1510 1334 1550; x_wconf 84' lang='grc' dir='ltr'>οὐ</span> <span class='ocrx_word' id='word_1_169' title='bbox 1359 1511 1434 1562; x_wconf 82' lang='grc' dir='ltr'>γὰρ</span> <span class='ocrx_word' id='word_1_170' title='bbox 1453 1509 1593 1562; x_wconf 84' lang='grc' dir='ltr'>ἀνδρὸς</span> 
     </span>
     <span class='ocr_line' id='line_1_28' title="bbox 274 1575 1589 1628; baseline 0.001 -12"><span class='ocrx_word' id='word_1_171' title='bbox 274 1575 454 1626; x_wconf 83' lang='grc' dir='ltr'>ἀπειλήν,</span> <span class='ocrx_word' id='word_1_172' title='bbox 482 1577 587 1616; x_wconf 80' lang='grc' dir='ltr'>ἀλλὰ</span> <span class='ocrx_word' id='word_1_173' title='bbox 612 1577 730 1627; x_wconf 89' lang='grc' dir='ltr'>νόμου</span> <span class='ocrx_word' id='word_1_174' title='bbox 756 1576 894 1628; x_wconf 75' lang='grc' dir='ltr'>φωνην</span> <span class='ocrx_word' id='word_1_175' title='bbox 925 1576 1110 1628; x_wconf 88' lang='grc' dir='ltr'>κυριεύειν</span> <span class='ocrx_word' id='word_1_176' title='bbox 1140 1579 1202 1616; x_wconf 83' lang='grc' dir='ltr'>δεῖ</span> <span class='ocrx_word' id='word_1_177' title='bbox 1230 1579 1307 1616; x_wconf 87' lang='grc' dir='ltr'>τῶν</span> <span class='ocrx_word' id='word_1_178' title='bbox 1339 1576 1589 1627; x_wconf 84' lang='grc' dir='ltr'>εὐδαιμόνων,</span> 
     </span>
     <span class='ocr_line' id='line_1_29' title="bbox 275 1642 1590 1696; baseline 0.002 -15"><span class='ocrx_word' id='word_1_179' title='bbox 275 1642 353 1682; x_wconf 81' lang='grc' dir='ltr'>οὐδ’</span> <span class='ocrx_word' id='word_1_180' title='bbox 386 1643 513 1683; x_wconf 83' lang='grc' dir='ltr'>αἰτίαν</span> <span class='ocrx_word' id='word_1_181' title='bbox 546 1644 730 1695; x_wconf 81' lang='grc' dir='ltr'>φοβερὰν</span> <span class='ocrx_word' id='word_1_182' title='bbox 767 1642 865 1682; x_wconf 76' lang='grc' dir='ltr'>εἶναι</span> <span class='ocrx_word' id='word_1_183' title='bbox 902 1645 983 1684; x_wconf 87' lang='grc' dir='ltr'>τοῖς</span> <span class='ocrx_word' id='word_1_184' title='bbox 1013 1642 1244 1694; x_wconf 87' lang='grc' dir='ltr'>ἐλευθέροις,</span> <span class='ocrx_word' id='word_1_185' title='bbox 1280 1642 1371 1683; x_wconf 86' lang='grc' dir='ltr'>ἀλλ’</span> <span class='ocrx_word' id='word_1_186' title='bbox 1407 1643 1590 1696; x_wconf 80' lang='grc' dir='ltr'>ἔλεγχον,</span> 
     </span>
     <span class='ocr_line' id='line_1_30' title="bbox 274 1708 1592 1760; baseline 0.002 -12"><span class='ocrx_word' id='word_1_187' title='bbox 274 1708 354 1749; x_wconf 86' lang='grc' dir='ltr'>οὐδ’</span> <span class='ocrx_word' id='word_1_188' title='bbox 378 1709 441 1749; x_wconf 85' lang='grc' dir='ltr'>ἐπὶ</span> <span class='ocrx_word' id='word_1_189' title='bbox 466 1713 546 1750; x_wconf 83' lang='grc' dir='ltr'>τοῖς</span> <span class='ocrx_word' id='word_1_190' title='bbox 574 1709 852 1749; x_wconf 85' lang='grc' dir='ltr'>κολακεύουσιν</span> <span class='ocrx_word' id='word_1_191' title='bbox 877 1709 966 1750; x_wconf 81' lang='grc' dir='ltr'>τοὺς</span> <span class='ocrx_word' id='word_1_192' title='bbox 990 1708 1185 1751; x_wconf 86' lang='grc' dir='ltr'>δυνάστας</span> <span class='ocrx_word' id='word_1_193' title='bbox 1211 1710 1273 1749; x_wconf 81' lang='grc' dir='ltr'>καὶ</span> <span class='ocrx_word' id='word_1_194' title='bbox 1298 1709 1592 1760; x_wconf 80' lang='grc' dir='ltr'>διαβάλλουσιν</span> 
     </span>
     <span class='ocr_line' id='line_1_31' title="bbox 275 1775 1591 1832; baseline 0.002 -18"><span class='ocrx_word' id='word_1_195' title='bbox 275 1775 363 1816; x_wconf 85' lang='grc' dir='ltr'>τοὺς</span> <span class='ocrx_word' id='word_1_196' title='bbox 395 1777 561 1817; x_wconf 88' lang='grc' dir='ltr'>πολίτας</span> <span class='ocrx_word' id='word_1_197' title='bbox 594 1779 637 1815; x_wconf 86' lang='grc' dir='ltr'>τὸ</span> <span class='ocrx_word' id='word_1_198' title='bbox 668 1779 745 1816; x_wconf 87' lang='grc' dir='ltr'>τῶν</span> <span class='ocrx_word' id='word_1_199' title='bbox 779 1779 952 1816; x_wconf 84' lang='grc' dir='ltr'>πολιτῶν</span> <span class='ocrx_word' id='word_1_200' title='bbox 987 1775 1185 1828; x_wconf 87' lang='grc' dir='ltr'>ἀσφαλές,</span> <span class='ocrx_word' id='word_1_201' title='bbox 1219 1775 1309 1816; x_wconf 87' lang='grc' dir='ltr'>ἀλλ’</span> <span class='ocrx_word' id='word_1_202' title='bbox 1340 1776 1402 1816; x_wconf 85' lang='grc' dir='ltr'>ἐπὶ</span> <span class='ocrx_word' id='word_1_203' title='bbox 1436 1777 1481 1832; x_wconf 78' lang='grc' dir='ltr'>τῇ</span> <span class='ocrx_word' id='word_1_204' title='bbox 1515 1779 1591 1817; x_wconf 84' lang='grc' dir='ltr'>τῶν</span> 
     </span>
     <span class='ocr_line' id='line_1_32' title="bbox 273 1841 1593 1894; baseline 0.002 -13"><span class='ocrx_word' id='word_1_205' title='bbox 273 1843 403 1892; x_wconf 88' lang='grc' dir='ltr'>νόμων</span> <span class='ocrx_word' id='word_1_206' title='bbox 436 1843 569 1882; x_wconf 88' lang='grc' dir='ltr'>πίστει</span> <span class='ocrx_word' id='word_1_207' title='bbox 602 1842 801 1894; x_wconf 86' lang='grc' dir='ltr'>γενέσθαι.</span> <span class='ocrx_word' id='word_1_208' title='bbox 872 1843 966 1894; x_wconf 81' lang='grc' dir='ltr'>ὑπὲρ</span> <span class='ocrx_word' id='word_1_209' title='bbox 1002 1843 1056 1882; x_wconf 83' lang='grc' dir='ltr'>ὧν</span> <span class='ocrx_word' id='word_1_210' title='bbox 1093 1841 1277 1883; x_wconf 82' lang='grc' dir='ltr'>ἁπάντων</span> <span class='ocrx_word' id='word_1_211' title='bbox 1310 1842 1416 1883; x_wconf 79' lang='grc' dir='ltr'>οὗτοι</span> <span class='ocrx_word' id='word_1_212' title='bbox 1452 1843 1593 1884; x_wconf 84' lang='grc' dir='ltr'>πόνους</span> 
     </span>
     <span class='ocr_line' id='line_1_33' title="bbox 274 1908 1593 1962; baseline 0.002 -14"><span class='ocrx_word' id='word_1_213' title='bbox 274 1909 406 1949; x_wconf 87' lang='grc' dir='ltr'>πόνων</span> <span class='ocrx_word' id='word_1_214' title='bbox 431 1909 637 1962; x_wconf 88' lang='grc' dir='ltr'>διαδόχους</span> <span class='ocrx_word' id='word_1_215' title='bbox 662 1909 899 1959; x_wconf 84' lang='grc' dir='ltr'>ποιούμενοι,</span> <span class='ocrx_word' id='word_1_216' title='bbox 923 1909 984 1948; x_wconf 87' lang='grc' dir='ltr'>καὶ</span> <span class='ocrx_word' id='word_1_217' title='bbox 1009 1912 1091 1951; x_wconf 85' lang='grc' dir='ltr'>τοῖς</span> <span class='ocrx_word' id='word_1_218' title='bbox 1118 1908 1202 1948; x_wconf 85' lang='grc' dir='ltr'>καθ’</span> <span class='ocrx_word' id='word_1_219' title='bbox 1228 1908 1376 1960; x_wconf 85' lang='grc' dir='ltr'>ἡμέραν</span> <span class='ocrx_word' id='word_1_220' title='bbox 1402 1910 1593 1951; x_wconf 88' lang='grc' dir='ltr'>κινδύνοις</span> 
     </span>
     <span class='ocr_line' id='line_1_34' title="bbox 274 1974 1591 2028; baseline 0.002 -14"><span class='ocrx_word' id='word_1_221' title='bbox 274 1976 364 2016; x_wconf 84' lang='grc' dir='ltr'>τοὺς</span> <span class='ocrx_word' id='word_1_222' title='bbox 389 1976 444 2016; x_wconf 83' lang='grc' dir='ltr'>εἷς</span> <span class='ocrx_word' id='word_1_223' title='bbox 471 1974 538 2015; x_wconf 86' lang='grc' dir='ltr'>τὸν</span> <span class='ocrx_word' id='word_1_224' title='bbox 567 1974 722 2015; x_wconf 83' lang='grc' dir='ltr'>ἅπαντα</span> <span class='ocrx_word' id='word_1_225' title='bbox 754 1976 899 2028; x_wconf 90' lang='grc' dir='ltr'>χρόνον</span> <span class='ocrx_word' id='word_1_226' title='bbox 930 1975 1084 2028; x_wconf 89' lang='grc' dir='ltr'>φόβους</span> <span class='ocrx_word' id='word_1_227' title='bbox 1112 1979 1189 2016; x_wconf 81' lang='grc' dir='ltr'>τῶν</span> <span class='ocrx_word' id='word_1_228' title='bbox 1217 1979 1391 2016; x_wconf 84' lang='grc' dir='ltr'>πολιτῶν</span> <span class='ocrx_word' id='word_1_229' title='bbox 1421 1976 1482 2016; x_wconf 88' lang='grc' dir='ltr'>καὶ</span> <span class='ocrx_word' id='word_1_230' title='bbox 1514 1979 1591 2016; x_wconf 88' lang='grc' dir='ltr'>τῶν</span> 
     </span>
     <span class='ocr_line' id='line_1_35' title="bbox 273 2039 1592 2094; baseline 0.003 -14"><span class='ocrx_word' id='word_1_231' title='bbox 273 2039 481 2091; x_wconf 88' lang='grc' dir='ltr'>Ἑλλήνων</span> <span class='ocrx_word' id='word_1_232' title='bbox 519 2042 834 2094; x_wconf 89' lang='grc' dir='ltr'>παραιρούμενοι,</span> <span class='ocrx_word' id='word_1_233' title='bbox 874 2041 918 2081; x_wconf 84' lang='grc' dir='ltr'>τὸ</span> <span class='ocrx_word' id='word_1_234' title='bbox 959 2042 1031 2092; x_wconf 81' lang='grc' dir='ltr'>ζῆν</span> <span class='ocrx_word' id='word_1_235' title='bbox 1068 2041 1283 2092; x_wconf 87' lang='grc' dir='ltr'>ἀνήλωσαν</span> <span class='ocrx_word' id='word_1_236' title='bbox 1321 2043 1376 2085; x_wconf 82' lang='grc' dir='ltr'>εἷς</span> <span class='ocrx_word' id='word_1_237' title='bbox 1417 2042 1461 2082; x_wconf 82' lang='grc' dir='ltr'>τὸ</span> <span class='ocrx_word' id='word_1_238' title='bbox 1501 2042 1592 2084; x_wconf 80' lang='grc' dir='ltr'>τοὺς</span> 
     </span>
     <span class='ocr_line' id='line_1_36' title="bbox 274 2107 1593 2161; baseline 0.004 -15"><span class='ocrx_word' id='word_1_239' title='bbox 274 2107 419 2149; x_wconf 82' lang='grc' dir='ltr'>ἄλλους</span> <span class='ocrx_word' id='word_1_240' title='bbox 451 2111 578 2149; x_wconf 85' lang='grc' dir='ltr'>καλῶς</span> <span class='ocrx_word' id='word_1_241' title='bbox 609 2108 693 2158; x_wconf 79' lang='grc' dir='ltr'>ζῆν.</span> <span class='ocrx_word' id='word_1_242' title='bbox 764 2109 827 2148; x_wconf 78' lang='grc' dir='ltr'>διὰ</span> <span class='ocrx_word' id='word_1_243' title='bbox 855 2108 1015 2150; x_wconf 90' lang='grc' dir='ltr'>τούτους</span> <span class='ocrx_word' id='word_1_244' title='bbox 1043 2107 1208 2160; x_wconf 88' lang='grc' dir='ltr'>πατέρες</span> <span class='ocrx_word' id='word_1_245' title='bbox 1238 2107 1401 2159; x_wconf 78' lang='grc' dir='ltr'>ἔνδοξοι,</span> <span class='ocrx_word' id='word_1_246' title='bbox 1428 2108 1593 2161; x_wconf 90' lang='grc' dir='ltr'>μητέρες</span> 
     </span>
    </p>
   </div>
   <div class='ocr_carea' id='block_1_9' title="bbox 274 2216 1593 2392">
    <p class='ocr_par' dir='ltr' id='par_1_10' title="bbox 274 2216 1593 2392">
     <span class='ocr_line' id='line_1_37' title="bbox 317 2216 1588 2261; baseline 0.002 -13"><span class='ocrx_word' id='word_1_247' title='bbox 317 2229 336 2256; x_wconf 74' lang='lat'>4</span> <span class='ocrx_word' id='word_1_248' title='bbox 361 2217 507 2257; x_wconf 83' lang='grc' dir='ltr'>κρίνομεν</span> <span class='ocrx_word' id='word_1_249' title='bbox 526 2216 668 2256; x_wconf 67' lang='lat' dir='ltr'>Kayser,</span> <span class='ocrx_word' id='word_1_250' title='bbox 689 2217 747 2247; x_wconf 94' lang='lat' dir='ltr'>Cb.</span> <span class='ocrx_word' id='word_1_251' title='bbox 909 2219 930 2247; x_wconf 92' lang='lat'>6</span> <span class='ocrx_word' id='word_1_252' title='bbox 953 2220 1018 2249; x_wconf 82' lang='grc' dir='ltr'>τῶν</span> <span class='ocrx_word' id='word_1_253' title='bbox 1034 2218 1109 2248; x_wconf 90' lang='lat' dir='ltr'>add.</span> <span class='ocrx_word' id='word_1_254' title='bbox 1131 2217 1211 2249; x_wconf 89' lang='lat' dir='ltr'>Bab.</span> <span class='ocrx_word' id='word_1_255' title='bbox 1378 2229 1393 2257; x_wconf 92' lang='lat'>7</span> <span class='ocrx_word' id='word_1_256' title='bbox 1418 2218 1474 2259; x_wconf 79' lang='grc' dir='ltr'>γε]</span> <span class='ocrx_word' id='word_1_257' title='bbox 1492 2233 1528 2250; x_wconf 81' lang='grc' dir='ltr'>τε</span> <span class='ocrx_word' id='word_1_258' title='bbox 1543 2218 1588 2261; x_wconf 62' lang='grc' dir='ltr'>ἐ,</span> 
     </span>
     <span class='ocr_line' id='line_1_38' title="bbox 275 2259 1591 2301; baseline 0.002 -12"><span class='ocrx_word' id='word_1_259' title='bbox 275 2270 359 2290; x_wconf 87' lang='lat' dir='ltr'>corr.</span> <span class='ocrx_word' id='word_1_260' title='bbox 379 2259 461 2290; x_wconf 84' lang='lat' dir='ltr'>Bab.</span> <span class='ocrx_word' id='word_1_261' title='bbox 611 2270 632 2299; x_wconf 91' lang='lat'><strong>9</strong></span> <span class='ocrx_word' id='word_1_262' title='bbox 656 2261 784 2301; x_wconf 77' lang='grc' dir='ltr'>πληγὰς</span> <span class='ocrx_word' id='word_1_263' title='bbox 800 2260 995 2301; x_wconf 80' lang='grc' dir='ltr'>λαμβάνειν]</span> <span class='ocrx_word' id='word_1_264' title='bbox 1014 2260 1124 2291; x_wconf 87' lang='lat' dir='ltr'>locum</span> <span class='ocrx_word' id='word_1_265' title='bbox 1140 2266 1332 2301; x_wconf 84' lang='lat' dir='ltr'>suspectum</span> <span class='ocrx_word' id='word_1_266' title='bbox 1350 2262 1477 2292; x_wconf 85' lang='lat' dir='ltr'>habent</span> <span class='ocrx_word' id='word_1_267' title='bbox 1494 2263 1568 2293; x_wconf 85' lang='lat' dir='ltr'><strong>edd.</strong></span> <span class='ocrx_word' id='word_1_268' title='bbox 1584 2274 1591 2300; x_wconf 92' lang='grc'><strong>;</strong></span> 
     </span>
     <span class='ocr_line' id='line_1_39' title="bbox 276 2303 1590 2347; baseline 0.004 -15"><span class='ocrx_word' id='word_1_269' title='bbox 276 2307 385 2342; x_wconf 82' lang='lat' dir='ltr'>potest</span> <span class='ocrx_word' id='word_1_270' title='bbox 403 2308 514 2333; x_wconf 83' lang='lat' dir='ltr'><strong>tamen</strong></span> <span class='ocrx_word' id='word_1_271' title='bbox 532 2303 718 2342; x_wconf 79' lang='lat' dir='ltr'>hyperbole</span> <span class='ocrx_word' id='word_1_272' title='bbox 735 2313 812 2334; x_wconf 84' lang='lat' dir='ltr'><strong>esse</strong></span> <span class='ocrx_word' id='word_1_273' title='bbox 926 2313 961 2334; x_wconf 85' lang='lat'>11</span> <span class='ocrx_word' id='word_1_274' title='bbox 987 2317 1257 2345; x_wconf 85' lang='grc' dir='ltr'>υπερμεμνηκεναι</span> <span class='ocrx_word' id='word_1_275' title='bbox 1274 2303 1307 2347; x_wconf 59' lang='grc' dir='ltr'><em>ᾖ</em></span> <span class='ocrx_word' id='word_1_276' title='bbox 1419 2314 1462 2335; x_wconf 88' lang='lat'>20</span> <span class='ocrx_word' id='word_1_277' title='bbox 1485 2304 1590 2346; x_wconf 67' lang='grc' dir='ltr'>οὐδὲν]</span> 
     </span>
     <span class='ocr_line' id='line_1_40' title="bbox 274 2344 1593 2392; baseline 0.003 -15"><span class='ocrx_word' id='word_1_278' title='bbox 274 2358 381 2378; x_wconf 84' lang='grc' dir='ltr'>πασαν</span> <span class='ocrx_word' id='word_1_279' title='bbox 396 2345 430 2389; x_wconf 58' lang='grc' dir='ltr'><strong>ἐ</strong></span> <span class='ocrx_word' id='word_1_280' title='bbox 446 2357 453 2377; x_wconf 89' lang='lat'>:</span> <span class='ocrx_word' id='word_1_281' title='bbox 477 2344 612 2388; x_wconf 78' lang='grc' dir='ltr'>(οὐδὲν)</span> <span class='ocrx_word' id='word_1_282' title='bbox 630 2349 737 2378; x_wconf 77' lang='grc' dir='ltr'>πᾶσαν</span> <span class='ocrx_word' id='word_1_283' title='bbox 755 2346 937 2387; x_wconf 70' lang='lat' dir='ltr'>Frstzsche,</span> <span class='ocrx_word' id='word_1_284' title='bbox 956 2347 1011 2378; x_wconf 80' lang='lat' dir='ltr'>alii</span> <span class='ocrx_word' id='word_1_285' title='bbox 1030 2347 1094 2378; x_wconf 84' lang='lat' dir='ltr'>alia</span> <span class='ocrx_word' id='word_1_286' title='bbox 1204 2361 1427 2388; x_wconf 80' lang='grc' dir='ltr'>αυτονομεινας</span> <span class='ocrx_word' id='word_1_287' title='bbox 1443 2347 1488 2392; x_wconf 60' lang='grc' dir='ltr'>ἐ,</span> <span class='ocrx_word' id='word_1_288' title='bbox 1507 2358 1593 2381; x_wconf 86' lang='lat' dir='ltr'>corr.</span> 
     </span>
    </p>
   </div>
   <div class='ocr_carea' id='block_1_10' title="bbox 275 2388 1594 2500">
    <p class='ocr_par' dir='ltr' id='par_1_11' title="bbox 275 2388 1594 2500">
     <span class='ocr_line' id='line_1_41' title="bbox 276 2388 1594 2433; baseline 0.004 -14"><span class='ocrx_word' id='word_1_289' title='bbox 276 2388 413 2428; x_wconf 86' lang='lat' dir='ltr'>Sauppe</span> <span class='ocrx_word' id='word_1_290' title='bbox 536 2400 576 2428; x_wconf 84' lang='lat'>24</span> <span class='ocrx_word' id='word_1_291' title='bbox 601 2390 761 2431; x_wconf 80' lang='grc' dir='ltr'>πολιτῶν]</span> <span class='ocrx_word' id='word_1_292' title='bbox 779 2394 913 2423; x_wconf 77' lang='grc' dir='ltr'>πολλῶν</span> <span class='ocrx_word' id='word_1_293' title='bbox 927 2391 986 2422; x_wconf 90' lang='lat' dir='ltr'>Cb.</span> <span class='ocrx_word' id='word_1_294' title='bbox 1107 2401 1148 2430; x_wconf 84' lang='lat'>29</span> <span class='ocrx_word' id='word_1_295' title='bbox 1171 2391 1321 2432; x_wconf 78' lang='grc' dir='ltr'>τούτους]</span> <span class='ocrx_word' id='word_1_296' title='bbox 1338 2405 1532 2424; x_wconf 78' lang='grc' dir='ltr'>τουτουτους</span> <span class='ocrx_word' id='word_1_297' title='bbox 1547 2391 1594 2433; x_wconf 60' lang='grc' dir='ltr'>ἐ,</span> 
     </span>
     <span class='ocr_line' id='line_1_42' title="bbox 275 2432 1468 2500; baseline 0.003 -38"><span class='ocrx_word' id='word_1_298' title='bbox 275 2442 358 2463; x_wconf 78' lang='lat' dir='ltr'>corr.</span> <span class='ocrx_word' id='word_1_299' title='bbox 380 2432 460 2462; x_wconf 88' lang='lat' dir='ltr'>Bab.</span> <span class='ocrx_word' id='word_1_300' title='bbox 1430 2470 1468 2500; x_wconf 66' lang='lat'>4*</span> 
     </span>
    </p>
   </div>
   <div class='ocr_carea' id='block_1_11' title="bbox 1620 148 1674 185">
    <p class='ocr_par' dir='ltr' id='par_1_12' title="bbox 1620 148 1674 185">
     <span class='ocr_line' id='line_1_43' title="bbox 1620 148 1674 185; baseline 0.037 -2"><span class='ocrx_word' id='word_1_301' title='bbox 1620 148 1674 185; x_wconf 90' lang='lat' dir='ltr'>VI</span> 
     </span>
    </p>
   </div>
   <div class='ocr_carea' id='block_1_12' title="bbox 1620 533 1662 568">
    <p class='ocr_par' dir='ltr' id='par_1_13' title="bbox 1620 533 1662 568">
     <span class='ocr_line' id='line_1_44' title="bbox 1620 533 1662 568; baseline 0 0"><span class='ocrx_word' id='word_1_302' title='bbox 1620 533 1662 568; x_wconf 85' lang='lat'>23</span> 
     </span>
    </p>
   </div>
   <div class='ocr_carea' id='block_1_13' title="bbox 1621 784 1750 838">
    <p class='ocr_par' dir='ltr' id='par_1_14' title="bbox 1621 784 1750 838">
     <span class='ocr_line' id='line_1_45' title="bbox 1621 784 1750 838; baseline 0 -14"><span class='ocrx_word' id='word_1_303' title='bbox 1621 784 1710 838; x_wconf 92' lang='lat' dir='ltr'>[col.</span> <span class='ocrx_word' id='word_1_304' title='bbox 1728 789 1750 824; x_wconf 87' lang='lat'>9</span> 
     </span>
    </p>
   </div>
   <div class='ocr_carea' id='block_1_14' title="bbox 1620 1061 1666 1094">
    <p class='ocr_par' dir='ltr' id='par_1_15' title="bbox 1620 1061 1666 1094">
     <span class='ocr_line' id='line_1_46' title="bbox 1620 1061 1666 1094; baseline 0 0"><span class='ocrx_word' id='word_1_305' title='bbox 1620 1061 1666 1094; x_wconf 86' lang='lat'>24</span> 
     </span>
    </p>
   </div>
   <div class='ocr_carea' id='block_1_15' title="bbox 1621 1463 1663 1499">
    <p class='ocr_par' dir='ltr' id='par_1_16' title="bbox 1621 1463 1663 1499">
     <span class='ocr_line' id='line_1_47' title="bbox 1621 1463 1663 1499; baseline 0 0"><span class='ocrx_word' id='word_1_306' title='bbox 1621 1463 1663 1499; x_wconf 84' lang='lat'>25</span> 
     </span>
    </p>
   </div>
   <div class='ocr_carea' id='block_1_16' title="bbox 1623 1854 1666 1888">
    <p class='ocr_par' dir='ltr' id='par_1_17' title="bbox 1623 1854 1666 1888">
     <span class='ocr_line' id='line_1_48' title="bbox 1623 1854 1666 1888; baseline 0 0"><span class='ocrx_word' id='word_1_307' title='bbox 1623 1854 1666 1888; x_wconf 84' lang='lat'>26</span> 
     </span>
    </p>
   </div>
   <div class='ocr_carea' id='block_1_17' title="bbox 1621 2125 1663 2160">
    <p class='ocr_par' dir='ltr' id='par_1_18' title="bbox 1621 2125 1663 2160">
     <span class='ocr_line' id='line_1_49' title="bbox 1621 2125 1663 2160; baseline 0 0"><span class='ocrx_word' id='word_1_308' title='bbox 1621 2125 1663 2160; x_wconf 87' lang='lat'>27</span> 
     </span>
    </p>
   </div>
  </div>
 </body>
</html>
