1843 2788
379 133 466 172 EX
511 132 1006 174 ORATIONIBVS
1052 134 1489 174 DEPERDITIS

341 241 401 277 68.
439 242 622 281 ἐνταυθοῖ
655 241 786 281 θύεται
823 243 874 296 τῷ
905 241 1137 283 Ἀπόλλωνι
1167 243 1359 295 ὁσημέραι
1391 244 1452 283 καὶ
1485 244 1593 296 μερὶς

271 307 373 362 αὐτῷ
394 307 455 347 καὶ
480 309 638 348 δεῖπνον
663 309 927 360 παρατίθεται.
1000 308 1262 367 [Priscianus
1285 313 1401 352 xviii.
1422 313 1443 366 x}
1463 309 1577 367 251]

341 373 404 421 69.
442 374 503 414 καὶ
535 373 604 414 τὸν
635 376 805 426 κρατῆρα
834 374 903 415 τὸν
938 376 1162 416 Πανιώνιον
1193 381 1301 432 κοινῇ
1332 378 1366 416 οἱ
1393 374 1594 426 (Έλληνες

274 439 565 492 κεραννύουσιν.
639 439 820 497 [Athen.
846 458 890 484 x.
914 454 996 492 424
1017 441 1081 499 E.]

343 514 405 553 70.
438 506 630 558 ἀφίκοντό
644 522 747 547 τινες
764 508 818 547 εἰς
836 509 974 557 Δῆλον
994 506 1194 559 ἄνθρωποι
1214 509 1373 549 Αἰολεῖς
1392 507 1594 553 πλούσιοι,

273 572 439 626 χρυσίον
472 571 634 624 ἔχοντες
664 572 779 618 πολύ,
808 575 903 613 κατὰ
932 575 1099 625 θεωρίαν
1128 576 1197 624 τῆς
1220 573 1418 615 Ἑλλάδος
1449 574 1593 624 ἀποδη-

272 642 435 690 μοῦντες
455 640 497 678 ἐκ
518 641 586 688 τῆς
605 641 766 679 ἑαυτῶν·
801 639 908 679 οὗτοι
929 639 1137 692 ἐφάνησαν
1157 641 1199 680 ἐν
1218 639 1372 694 Ῥηνείᾳ
1392 641 1594 691 ἐκβεβλη-

272 703 384 757 μένοι
408 705 741 755 τετελευτηκότες.
800 709 867 745 τοῦ
892 708 933 746 δὲ
958 705 1186 758 πράγματος
1205 705 1445 758 περιβοήτου
1471 708 1595 751 ὄντος,

275 770 512 824 ἐπιφέρουσι
539 769 683 821 Δήλιοι
715 775 796 813 τοῖς
828 771 1031 822 Ῥηνεῦσιν
1065 773 1205 818 αἰτίαν,
1234 773 1285 814 ὡς
1318 773 1445 813 αὐτῶν
1477 777 1597 813 ταῦτα

276 838 561 888 πεποιηκότων,
601 838 662 877 καὶ
699 837 921 890 γράφονται
960 838 1032 888 τὴν
1068 839 1188 879 πόλιν
1226 840 1353 880 αὐτῶν
1392 840 1596 890 ἀσεβείας.

274 907 310 945 οἱ
344 906 385 945 δὲ
418 903 568 954 Ῥηνεῖς
600 903 894 956 ἠγανάκτηνταί
923 921 965 945 τε
998 909 1050 959 τῷ
1087 904 1297 957 πράγματι,
1326 907 1388 946 καὶ
1422 923 1596 957 προσκα-

272 974 434 1011 λοῦνται
453 971 624 1021 Δηλίους
636 970 707 1020 τὴν
724 970 845 1021 αὐτὴν
858 971 979 1021 δίκην.
1021 972 1141 1022 οὔσης
1158 974 1198 1012 δὲ
1215 974 1284 1022 τῆς
1302 969 1596 1024 <δια>δικασίας.

275 1037 459 1088 ὁπότεροί
486 1038 589 1077 εἰσιν
619 1039 655 1077 οἳ
685 1037 728 1077 τὸ
759 1037 876 1090 ἔργον
902 1039 1171 1088 πεποιηκότες,
1198 1038 1358 1090 ἠρώτων
1389 1040 1424 1078 οἱ
1448 1038 1598 1089 Ῥηνεῖς

275 1104 364 1145 τοὺς
382 1105 568 1154 Δηλίους,
589 1103 636 1143 δι’
653 1101 700 1153 ἣν
717 1104 846 1144 αἰτίαν
863 1102 946 1155 (ἂν)
964 1104 1014 1146 ὡς
1031 1104 1170 1146 αὑτοὺς
1187 1105 1391 1157 ἀφίκοντο*
1418 1106 1506 1145 οὔτε
1523 1107 1598 1158 γὰρ

274 1169 438 1221 λιμένας
455 1169 554 1210 εἶναι
569 1169 659 1222 παρ’
677 1171 807 1212 αὐτοῖς
824 1171 911 1211 οὔτε
934 1171 1120 1223 ἐμπόριον
1137 1172 1224 1212 οὔτε
1242 1171 1372 1222 ἄλλην
1389 1171 1597 1224 διατριβὴν

275 1237 472 1287 οὐδεμίαν·
499 1236 648 1278 πάντας
667 1239 709 1277 δὲ
728 1237 956 1289 ἀνθρώπους
977 1239 1232 1290 ἀφικνεῖσθαι
1253 1242 1348 1290 πρὸς
1367 1238 1438 1288 τὴν
1461 1241 1598 1289 Δῆλον

275 1303 429 1356 ἔλεγον,
458 1302 654 1343 καὶαύτοὶ
683 1304 730 1343 τὰ
761 1305 895 1344 πολλὰ
926 1305 967 1344 ἐν
996 1303 1118 1359 Δήλῳ
1151 1306 1381 1357 διατρίβειν.
1453 1309 1530 1345 τῶν
1556 1307 1597 1345 δὲ

278 1370 439 1420 Δηλίων
473 1369 792 1422 ἀποκρινομένων
826 1371 968 1417 αὐτοῖς,
1004 1372 1065 1411 ὅτι
1101 1373 1220 1423 ἱερεῖα
1257 1371 1525 1424 ἀγοράσοντες
1563 1374 1598 1412 οἱ

276 1436 475 1488 ἄνθρωποι
509 1435 704 1486 διέβησαν
738 1438 793 1478 εἰς
825 1436 896 1486 τὴν
929 1436 1121 1487 Ῥήνειαν,
1157 1439 1220 1478 διὰ
1257 1439 1297 1478 τί
1331 1438 1411 1484 οὖν,
1439 1438 1599 1490 ἔφασαν

277 1505 312 1543 οἱ
336 1502 500 1553 Ῥηνεῖς,
528 1504 561 1543 εἷ
587 1504 708 1554 ἱερεῖα
732 1503 827 1553 ἣκον
853 1503 1111 1554 ὠνησόμενοι,
1133 1505 1184 1546 ὥς
1204 1510 1318 1557 φατε,
1346 1505 1434 1546 τοὺς
1458 1508 1599 1546 παῖδας

275 1569 364 1611 τοὺς
389 1569 628 1610 ἀκολούθους
657 1569 724 1609 οὐκ
756 1569 907 1622 ἤγαγον
937 1571 1027 1612 τοὺς
1056 1568 1222 1620 ἄξοντας
1252 1573 1299 1611 τὰ
1330 1573 1463 1623 ἱερεῖα,
1492 1572 1598 1611 ἀλλὰ

276 1635 365 1687 παρ’
398 1637 488 1687 ὑμῖν
522 1637 564 1676 ἐν
599 1635 721 1691 Δήλῳ
757 1636 985 1687 κατέλιπον,
1015 1637 1124 1678 αὐτοὶ
1157 1640 1197 1678 δὲ
1231 1638 1345 1688 μόνοι
1379 1637 1596 1688 διέβησαν;

275 1702 372 1755 πρὸς
388 1704 429 1743 δὲ
446 1702 599 1743 τούτοις
618 1702 829 1755 τριάκοντα
850 1704 1022 1744 σταδίων
1041 1706 1166 1745 ὅντων
1187 1704 1263 1745 ἀπὸ
1282 1707 1352 1755 τῆς
1371 1704 1598 1755 διαβάσεως

274 1769 372 1822 πρὸς
396 1768 467 1819 τὴν
492 1770 610 1809 πόλιν
640 1769 711 1819 τὴν
735 1768 944 1820 Ῥηναέων,
972 1772 1159 1824 τραχείας
1192 1771 1314 1822 οὔσης
1347 1772 1450 1817 ὁδοῦ,
1478 1771 1527 1811 δι’
1553 1771 1598 1822 ἧς

275 1835 354 1876 ἔδει
373 1835 511 1877 αὐτοὺς
530 1838 768 1887 πορευθῆναι
793 1837 856 1877 ἐπὶ
881 1837 951 1887 τὴν
971 1838 1203 1890 ἀγορασίαν,
1225 1837 1318 1878 ἄνευ
1337 1837 1598 1888 ὑποδημάτων

275 1901 484 1953 διέβησαν,
508 1903 550 1943 ἐν
571 1901 693 1957 Δήλῳ
720 1902 752 1943 δ’
772 1904 814 1943 ἐν
833 1904 884 1958 τῷ
909 1904 997 1959 ἱερῷ
1018 1903 1295 1955 ὑποδεδεμένοι
1315 1904 1595 1957 περιεπάτουν;

277 1967 449 2027 [Sopat.
470 1971 527 2012 ad
553 1970 763 2024 Hermog.
788 1971 838 2012 iv.
862 1986 903 2026 p.
927 1974 1011 2022 446
1035 1971 1192 2025 Walz.]

344 2043 405 2081 71.
445 2034 632 2085 σύνταξιν
669 2036 710 2076 ἐν
743 2039 795 2090 τῷ
829 2036 994 2087 παρόντι
1028 2036 1157 2077 οὐδενὶ
1194 2037 1379 2083 διδόντες,
1413 2037 1524 2088 ἡμεῖς
1557 2037 1600 2078 δέ

273 2117 369 2142 ποτε
393 2101 619 2152 ἠξιώσαμεν
643 2105 802 2153 λαβεῖν.
873 2099 1030 2158 [Harp.
1053 2120 1084 2147 s.
1101 2119 1139 2146 v.
1167 2101 1384 2156 σύνταξις]

344 2176 405 2214 72.
444 2167 582 2209 ἄνετον
606 2166 664 2218 (z
683 2168 889 2219 ἀνειμένον
914 2171 988 2224 θεῷ
1014 2167 1117 2219 τινι).
1177 2167 1333 2227 [Harp.
1355 2188 1389 2214 s.
1404 2167 1459 2224 71.]

344 2243 407 2282 73.
445 2235 603 2275 ἀποικία
639 2234 700 2285 (=
717 2236 765 2275 τὰ
798 2234 1007 2288 γράμματα
1045 2236 1129 2277 καθ’
1163 2237 1186 2277 δι
1222 2237 1435 2278 ἀποικοῦσί
1467 2234 1596 2288 τινες).

273 2297 430 2356 [Harp.
453 2317 485 2343 s.
502 2297 556 2353 v]

315 2419 357 2448 70
381 2409 525 2442 δικασίας
542 2410 629 2449 cod.,
648 2420 733 2441 corr.
754 2409 782 2440 B
887 2412 925 2443 ἂν
944 2411 970 2442 Β
1082 2412 1302 2454 ἀγοράσαντες
1320 2438 1325 2444 .
1347 2438 1352 2443 .
1373 2437 1379 2445 .
1399 2414 1596 2452 ὠνησάμενοι

270 2453 358 2492 cod.,
375 2462 462 2484 corr.
482 2452 619 2493 Sauppe
