1843 2788
710 128 1144 170 CITATIONES

673 254 775 278 XXVI.
823 252 928 278 ΚΑΤΑ
960 251 1187 278 ΔΩΡΟΘΕΟΎ.

730 312 924 353 (Ὑπερείδου
941 312 960 350 ἢ
977 312 1133 352 Φιλίνου.)

331 388 394 425 97.
432 378 559 418 ἀκούω
579 380 653 431 γὰρ
673 378 877 419 Αὐτοκλέα
901 382 969 419 τὸν
992 377 1138 431 ῥήτορα
1162 378 1258 431 πρὸς
1275 377 1504 419 Ἱππόνικον
1522 379 1591 420 τὸν

265 447 446 485 Καλλίου
470 446 559 497 περὶ
584 446 730 498 χωρίου
755 448 860 486 τινὸς
889 443 1271 497 ἀμφισβητήσαντα,
1300 445 1361 484 καὶ
1390 446 1590 497 λοιδορίας

263 511 394 553 αὐτοῖς
441 511 668 563 γενομένης,
717 512 893 563 ῥαπίζειν
941 515 1008 552 τὸν
1049 510 1277 552 Ἱππόνικον
1325 512 1389 551 ἐπὶ
1437 512 1587 564 κόρρης.

263 575 323 630 [E
328 580 621 633 {yuzologz'cum
653 579 1016 629 Laurentianmn,
1051 580 1117 620 ed.
1148 579 1198 620 E.
1227 579 1380 629 Miller,
1410 593 1451 632 p.
1477 574 1587 630 121]

337 675 344 683 .
374 644 509 684 ἔπειτα
527 643 750 684 Ἱππόνικος
775 642 838 683 ὑπ’
859 643 1105 685 Αὐτοκλέους
1128 643 1250 693 μόνον
1278 644 1495 694 ἐρραπίσθη
1516 643 1588 693 τὴν

261 709 422 762 γνάθον·
462 710 539 762 ἐγὼ
566 709 598 750 δ’
615 710 690 749 ὑπὸ
715 710 862 750 τούτων
881 713 958 750 τῶν
983 713 1130 763 τριχῶν
1155 709 1354 759 εἱλκόμην,
1378 709 1588 751 κονδύλους

261 777 426 827 ἔλαβον.
498 772 649 831 [Harp.
672 793 703 820 s.
722 792 759 820 v.
786 777 850 816 ἐπὶ
877 772 1046 828 κόρρης.]

330 844 392 889 98.
432 843 682 892 κονδυλίζειν·
715 843 1024 892 κονδυλίζεσθαι·
1055 841 1152 894 πρὸς
1167 841 1211 881 τὸ
1228 843 1442 893 πρόσωπον
1459 859 1584 894 προσ-

260 910 409 950 πτύειν.
481 905 658 962 [Pollux
680 911 765 952 viii.
790 905 873 961 76]

329 988 389 1023 99.
430 977 471 1016 ἐν
497 975 622 1030 ταύτῷ
649 975 782 1027 ὥσπερ
808 975 852 1015 τὸ
879 976 1112 1026 ἀτιμότατον
1139 973 1338 1026 θεράπιον.
1407 971 1583 1027 [Pollux

260 1044 317 1086 iii.
344 1039 425 1096 74]

332 1120 419 1149 100.
456 1108 705 1161 (κακηγορίας
735 1109 833 1158 δίκη·
867 1140 874 1147 .
908 1139 913 1147 .
949 1140 955 1147 .
986 1109 1121 1160 χιλίας
1151 1109 1223 1158 μὲν
1256 1108 1486 1158 ζημιοῦσθαι
1516 1109 1585 1149 ἐὰν

258 1175 347 1217 τοὺς
368 1175 670 1228 κατοιχομένους
691 1172 829 1225 ζκακῶς
848 1174 948 1230 λέγῃ
967 1172 1051 1226 τις],
1073 1175 1336 1216 πεντακοσίας
1356 1173 1388 1213 δ’
1410 1175 1476 1215 ἐὰν
1496 1174 1586 1216 τοὺς

261 1239 429 1292 ζῶντας).
501 1238 620 1294 [Lex.
647 1242 850 1285 Cantabr.
875 1257 915 1296 p.
940 1243 1035 1294 671,
1060 1236 1112 1293 7.]

525 1357 642 1380 xxv11.
693 1354 798 1382 ΠΡΟΣ
832 1353 1010 1380 ΕΠΙΚΛΕΑ
1042 1353 1133 1380 ΠΕΡΙ
1167 1353 1320 1381 οιΚῙΑΣ.

329 1429 416 1458 101.
454 1419 630 1469 Γρύλλος
653 1415 749 1468 (υἱὸς
776 1413 1062 1468 Ξενοφῶντος).
1135 1411 1289 1471 [Harp.
1311 1432 1342 1459 s.
1360 1412 1415 1468 zu]

329 1495 415 1524 102.
453 1484 677 1536 διάγραμμα
711 1482 775 1534 (=
790 1482 834 1522 τὸ
872 1482 1111 1532 ταττόμενον
1148 1483 1190 1522 ἐν
1226 1485 1310 1523 ταῖς
1350 1484 1584 1535 συμμορίαις

258 1553 408 1591 ὁπόσον
434 1552 602 1591 ἕκαστον
627 1550 748 1602 ἄνδρα
774 1548 977 1601 εἰσφέρειν
1004 1547 1086 1598 δεῖ).
1159 1543 1315 1603 [Harp.
1338 1565 1369 1593 5.
1388 1546 1443 1601 12]

330 1629 415 1665 103.
454 1618 609 1672 ὑπερῷα
639 1617 814 1668 ἐπαίρειν
845 1616 906 1655 καὶ
935 1614 1101 1667 στέφειν
1129 1616 1175 1654 τὰ
1207 1615 1398 1665 οἰκήματα
1429 1617 1483 1657 εἰς
1512 1615 1584 1666 τὴν

256 1685 359 1731 ὁδόν,
388 1685 449 1724 καὶ
476 1685 544 1726 τὰς
569 1685 757 1724 πλίνθους
783 1681 1030 1733 ἀναβάλλειν
1056 1680 1151 1733 πρὸς
1176 1682 1352 1732 ἀριθμόν.
1406 1678 1582 1734 [Pollux

255 1754 325 1795 vii.
353 1765 453 1805 1193
486 1752 541 1805 cf.
571 1746 681 1803 125]

498 1866 633 1890 xxx-111.
681 1863 773 1890 ΠΕΡΙ
805 1863 887 1890 ΤΩΝ
920 1861 1132 1889 ΕΎΒΟΥΛΟΎ·
1165 1861 1337 1888 ΔΩΡΕΩΝ.

353 1923 480 1963 Hanc
503 1923 741 1963 orationem
764 1922 958 1962 nominat
985 1921 1136 1973 Harp.,
1157 1934 1190 1960 s.
1205 1934 1243 1961 τ’.
1273 1919 1492 1969 Εὔβουλος.

325 2016 410 2049 104.
455 2005 519 2059 Cf.
544 2020 610 2047 no.
634 2016 700 2058 95.

326 2082 410 2117 105.
448 2070 602 2121 Ἑρμαῖ.
674 2066 831 2126 [Harp.
854 2065 958 2120 s.v.]

324 2138 410 2177 106.
449 2135 708 2187 πεντηκοστή·
759 2134 1158 2186 πεντηκοστεύεσθαι·
1202 2136 1578 2188 πεντηκοστολόγοι.

252 2199 406 2258 [Harp.
429 2219 462 2246 s.
479 2199 535 2256 v]

294 2323 334 2351 97
361 2311 675 2353 ἀμφισβητήσαντα]
695 2310 1051 2352 ἆναμφισβητήσαντος
1069 2309 1153 2348 cod,
1174 2317 1257 2338 corr.
1279 2307 1395 2348 Hager
1500 2310 1576 2350 τὸν]

251 2358 347 2387 αὐτὸν
364 2356 448 2387 cod..
469 2365 552 2386 corr.
576 2355 602 2385 B
735 2364 778 2393 99
801 2353 924 2394 ταύτῷἿ
943 2355 1026 2394 αὐτῷ
1044 2352 1152 2391 codd.,
1173 2360 1258 2382 corr.
1281 2351 1308 2382 B
1438 2363 1498 2383 100
1523 2355 1578 2386 ἐὰν

251 2399 330 2438 gbis‘
350 2408 416 2429 om.
437 2399 527 2436 cod.‚
546 2399 607 2429 ins.
627 2398 765 2438 Sauppe
