1843 2788
672 133 1080 174 PRAEFATIO

215 249 352 289 fronte
392 248 600 298 scriptum
647 253 710 286 est
752 246 1055 299 genethliacon
1095 246 1315 286 cuiusdam
1359 252 1435 294 est,
1476 245 1530 284 ad

211 319 372 347 annum
396 319 436 357 p.
457 304 505 345 C.
531 314 583 355 95
601 301 759 358 (minus
782 303 1064 356 probabiliter
1088 309 1182 355 155)
1201 308 1502 354 computatum
1522 315 1531 350 ;

214 363 326 403 unde
367 361 573 402 credibile
614 367 678 401 est
719 361 958 401 orationem
999 360 1172 401 saeculo
1218 373 1258 411 p.
1304 358 1351 399 C.
1394 359 1530 399 altero

211 420 515 473 transcriptam
557 432 660 459 esse.
723 418 967 470 Exemplar
1007 425 1069 458 est
1112 417 1266 457 indolis
1312 416 1428 457 haud
1471 417 1530 456 ita

212 477 463 527 communis,
485 475 647 528 quippe
675 477 793 528 quod
824 489 848 515 a
880 489 1013 528 puero
1034 475 1177 515 nescio
1210 488 1296 527 quo
1323 474 1529 526 scriptum

212 548 303 574 esse
324 535 535 585 videatur,
557 533 781 574 dictitante
805 534 1024 586 magistro,
1047 533 1345 584 erroribusque
1366 537 1531 571 scateat

214 591 481 632 foedissimis.
544 591 672 631 Initio
697 592 871 642 integer,
893 605 919 631 a
942 589 1024 630 fine
1050 590 1224 630 mutilus
1252 596 1316 628 est
1347 588 1532 635 rotulus;

215 649 356 689 exitus
386 655 534 689 tamen
557 648 761 689 orationis
794 662 891 701 pars
915 661 1069 700 magna
1091 662 1116 688 a
1150 647 1308 687 Ioanne
1339 646 1533 686 Stobaeo

213 706 435 759 exscripta
467 712 680 759 superstes
708 712 784 746 est.
851 706 995 745 Rotuli
1030 705 1269 757 fragmenta
1291 703 1532 756 composuit

215 771 472 816 textumque
500 777 598 803 cum
628 770 784 815 ectypo
812 763 1144 815 imprimendum
1175 762 1338 802 curavit
1371 761 1533 812 primus

217 821 265 862 C.
309 821 555 874 Babington
597 819 759 874 (1858),
801 827 1099 861 recensuerunt
1148 820 1336 872 Sauppe,
1379 817 1533 862 Cobet.

217 879 501 932 Comparetti,
524 878 646 918 multi
669 878 753 919 alii.

275 937 449 977 Praeter
480 936 699 985 editiones,
721 949 828 988 quas
861 934 1091 983 nominavi,
1113 934 1355 974 orationum
1388 933 1532 985 singu-

218 994 367 1043 larum,
398 1007 529 1046 opera
562 994 707 1034 omnia
750 993 987 1046 Hyperidis
1019 999 1083 1033 ter
1124 991 1259 1032 edidit
1292 990 1534 1030 Fridericus

218 1051 351 1099 mass,
391 1064 520 1103 quem
567 1051 737 1092 honoris
779 1064 907 1091 causa
949 1050 1137 1097 nomino,
1176 1049 1240 1089 vir
1283 1049 1337 1089 de
1383 1047 1534 1088 studiis

218 1109 395 1150 Graecis
420 1109 585 1161 optime
617 1109 793 1149 meritus
820 1115 863 1148 et
893 1108 1120 1161 praecipue
1148 1106 1189 1146 in
1218 1106 1364 1146 rotulis
1398 1118 1535 1158 papy-

219 1167 352 1207 raceis
404 1167 598 1207 laceratis
648 1166 968 1219 componendis,
1017 1164 1220 1217 legendis,
1266 1163 1536 1203 restituendis

218 1225 413 1277 impiger,
456 1224 615 1272 sollers,
656 1222 774 1263 felix.
841 1223 879 1263 Is
923 1223 964 1263 in
1005 1222 1194 1263 editione
1235 1220 1538 1261 Teubneriana

219 1281 372 1322 ultima
405 1280 554 1335 (1894)
597 1281 743 1321 omnia
784 1280 916 1321 ferme
953 1293 1065 1332 quae
1099 1280 1153 1320 de
1191 1279 1340 1319 rotulis
1381 1277 1536 1318 nostris

219 1340 401 1380 dicenda
431 1346 529 1379 sunt
561 1339 687 1379 dixit.
750 1338 981 1379 Orationes
1015 1337 1202 1386 mutilas,
1227 1335 1535 1376 Demostheni-

219 1410 314 1438 cam
339 1395 498 1437 scilicet
521 1403 651 1448 atque
685 1396 1057 1448 Lycophroneam‚
1085 1395 1184 1447 ipse,
1206 1400 1415 1446 quantum
1446 1392 1535 1432 fieri

221 1460 376 1507 potest,
420 1454 463 1494 in
514 1454 708 1495 ordinem
762 1454 927 1506 redegit
954 1468 961 1503 ;
1014 1453 1219 1493 lectiones
1271 1463 1537 1505 papyrorum

221 1512 414 1553 maxima
437 1511 661 1564 diligentia
682 1511 899 1564 exposuit,
921 1525 1043 1551 curas
1064 1510 1277 1551 editorum
1300 1516 1537 1549 ceterorum

222 1570 419 1623 repetivit
461 1576 502 1609 et
554 1570 738 1622 digessit.
820 1569 944 1623 Opus
986 1569 1076 1609 eius
1122 1567 1454 1607 fundamentum
1496 1572 1538 1606 et

220 1627 459 1668 subsidium
511 1626 708 1668 laborum
748 1627 928 1667 aliorum
983 1627 1024 1666 in
1074 1625 1299 1678 Hyperide
1343 1624 1538 1665 omnium

222 1693 366 1726 manet
399 1692 708 1738 aeternumque
733 1684 938 1726 manebit.

282 1742 407 1795 Quae
429 1756 526 1783 cum
546 1743 604 1783 ita
620 1743 717 1793 sint,
735 1743 788 1782 de
807 1743 970 1782 ratione
988 1741 1187 1782 editionis
1210 1746 1380 1781 nostrae
1403 1751 1541 1791 pauca

221 1801 402 1842 dicenda
430 1806 542 1841 sunt.
604 1799 715 1840 Cum
748 1800 861 1840 enim
894 1799 1027 1841 editio
1056 1798 1278 1839 Blassiana
1303 1797 1539 1838 rotulorum

222 1858 468 1899 testimonia
499 1858 767 1911 singulorum
800 1858 951 1898 sedulo
983 1864 1115 1910 atque
1146 1855 1330 1896 fideliter
1362 1861 1540 1907 repetat,

223 1916 402 1956 mendas
432 1916 499 1956 vel
529 1915 818 1969 apertissimas
845 1922 996 1956 notare
1021 1922 1151 1964 curet,
1174 1915 1381 1954 iacturam
1409 1913 1541 1953 etiam

224 1975 346 2014 unius
381 1973 549 2014 litterae
590 1974 708 2014 uncis
743 1973 965 2025 quadratis
999 1973 1171 2022 indicet,
1207 1972 1266 2012 ita
1300 1978 1346 2011 ut
1388 1972 1441 2011 de
1477 1969 1542 2009 his

223 2039 266 2071 et
313 2032 561 2072 huiusmodi
596 2032 721 2072 rebus
753 2029 918 2085 (paucis
961 2037 1129 2071 tantum
1176 2025 1390 2082 exceptis)
1436 2027 1542 2067 nihil

226 2090 455 2130 dicendum
488 2095 672 2139 maneat,
693 2089 893 2141 equidem
927 2089 969 2129 id
1002 2088 1145 2140 potius
1171 2087 1213 2127 in
1240 2093 1383 2126 mente
1412 2084 1543 2125 habui

226 2153 272 2187 ut
297 2153 468 2187 textum
492 2147 675 2187 oratoris
702 2146 871 2186 facilem
901 2145 1140 2198 legentibus
1171 2145 1433 2199 praeberem.
1495 2141 1543 2183 Si

224 2205 354 2256 enim,
375 2204 565 2258 exempli
594 2204 747 2258 gratia,
768 2217 959 2257 papyrus
982 2202 1147 2244 litteras
1167 2219 1194 2252 μ
1227 2233 1235 2241 .
1265 2205 1335 2242 ταδ
1360 2232 1368 2241 .
1395 2217 1441 2241 τα
1465 2233 1473 2241 .
1496 2217 1543 2240 τα

226 2263 416 2313 exhibet,
449 2262 541 2304 luce
573 2262 730 2303 clarius
761 2268 825 2302 est
862 2261 992 2302 verba
1028 2260 1126 2312 μετὰ
1158 2262 1198 2300 δὲ
1231 2263 1352 2300 ταῦτα
1384 2258 1544 2310 scripta

228 2320 365 2361 fuisse.
430 2320 471 2360 Is
495 2320 625 2374 igitur
656 2320 741 2372 qui,
766 2319 875 2360 sicut
902 2319 1037 2370 Blass,
1059 2318 1353 2359 testimonium
1386 2315 1543 2369 papyri

224 2378 544 2419 accuratissime
574 2377 664 2418 vult
697 2390 1049 2425 commemorare,
1085 2373 1226 2432 μ[ε]τὰ
1259 2371 1342 2430 ὃ[ὲ]
1382 2370 1545 2429 τα[ῦ]τα

874 2464 894 2486 V
