1843 2788
699 142 1135 183 CITATIONES

258 250 328 290 τὰς
353 247 521 298 ἐξόδους,
544 249 672 289 οὐκέτι
698 250 792 301 πρὸς
818 253 884 290 τὸν
910 250 1043 302 ἄνδρα,
1066 251 1171 290 ἀλλὰ
1198 254 1293 302 πρὸς
1312 251 1401 291 τοὺς
1422 250 1576 301 ἑτέρους

260 312 564 366 (γιγνομένους),
593 315 810 367 φοβητέον.
882 315 1025 374 [Stob.
1048 317 1163 358 Flor.
1189 329 1253 368 74,
1277 318 1362 371 34]

330 391 416 426 207.
455 379 557 430 (Tm
598 382 617 419 ὁ
652 380 778 433 ῥήτωρ
815 381 890 433 ἔφη
927 381 978 431 μὴ
1017 382 1207 422 δύνασθαι
1244 385 1371 422 καλῶς
1409 381 1489 431 ζῆν,
1527 381 1578 432 μὴ

259 447 394 496 μαθὼν
426 448 473 486 τὰ
499 448 600 487 καλὰ
625 449 671 486 τὰ
701 449 742 487 ἐν
771 449 822 502 τῷ
852 449 942 501 βίῳ.
1017 447 1160 505 [Stob.
1195 449 1383 502 Append.
1404 449 1579 502 florent.

259 520 299 558 p.
321 518 372 554 41
402 503 637 562 Gaisford]

329 570 414 605 208·
454 574 530 610 Δεῖ
560 570 628 611 τὸν
661 571 810 623 ἀγαθὸν
839 572 1131 611 ἐπιδείκνυσθαι
1164 572 1206 610 ἐν
1235 573 1306 621 μὲν
1334 574 1416 612 τοῖς
1445 571 1581 622 λόγοις

258 637 281 676 ἃ
315 640 466 688 φρονεῖ,
493 637 536 676 ἐν
569 639 611 677 δὲ
643 640 724 678 τοῖς
759 638 887 689 ἔργοις
920 638 944 677 ἃ
977 641 1093 677 ποιεῖ.
1165 633 1304 689 [MaX.
1329 638 1454 680 Conf.
1477 638 1583 678 Loci

264 703 524 751 Communes,
548 705 628 745 col.
654 715 734 758 729
760 702 942 760 Migne.]

329 779 418 813 209.
455 766 600 819 (κακῶν
647 769 864 820 ἀνθρώπων
913 769 1076 820 φεύγειν
1125 769 1266 820 φιλίαν
1315 769 1376 808 καὶ
1424 769 1581 820 ἀγαθῶν

259 831 431 887 ἔχθραν).
505 834 706 891 [Beynen
731 837 847 878 Sent.
869 839 940 878 sel.
963 851 1023 878 nr.
1050 833 1164 892 243]

329 911 417 935 210-
457 901 535 940 Διὰ
584 901 651 940 δύο
699 900 920 953 προφάσεις
967 905 1043 941 τῶν
1085 899 1332 950 ἀδικημάτων
1384 899 1584 952 ἅνθρωποι

259 964 490 1018 ἀπέχονται,
525 964 547 1016 ἢ
585 969 648 1006 διὰ
684 968 817 1019 φόβον
850 964 873 1017 ἢ
910 968 972 1006 διὰ
1008 967 1216 1020 αἰσχύνην.
1289 965 1432 1024 [MaX.
1459 966 1582 1008 Conf.

259 1033 367 1074 Loci
390 1033 558 1084 Comm.²
581 1035 660 1075 col.
686 1044 766 1089 753
791 1031 971 1090 Migne]

331 1109 417 1134 211·
455 1098 612 1139 πάντων
648 1099 979 1139 ἀπαιδευτότατον
1015 1102 1059 1138 τὸ
1095 1101 1303 1150 λοιδορεῖν.
1377 1096 1583 1155 [Dionys

259 1157 470 1198 Antioch.
494 1158 638 1211 Epist.
664 1155 749 1213 79.]

333 1233 417 1257 212.
454 1219 556 1271 (Ὕπ.
584 1223 604 1261 ὁ
627 1221 755 1273 ῥήτωρ
786 1220 896 1272 ἠξίου
928 1225 1092 1262 σκοπεῖν
1118 1221 1350 1271 Ἀθηναίους
1380 1220 1432 1271 μὴ
1461 1220 1584 1270 μόνον

261 1289 294 1328 εἰ
337 1289 472 1340 πικρός
513 1289 636 1334 ἐστιν,
681 1288 772 1328 ἀλλ’
812 1290 845 1328 εἷ
888 1291 1029 1340 προῖκα
1068 1285 1231 1340 πικρός),
1305 1286 1433 1345 [Plut.
1465 1287 1582 1328 Mor.

261 1362 301 1401 p.
326 1349 376 1399 67
397 1344 455 1402 u]

331 1424 419 1460 213.
460 1413 594 1455 Sume
630 1415 711 1454 hoc
753 1429 776 1454 a
815 1413 1026 1454 iudicibus
1065 1420 1210 1453 nostra
1246 1412 1480 1460 voluntate,
1511 1424 1581 1450 ne-

265 1482 423 1523 minem
448 1482 506 1522 illi
525 1483 770 1536 propiorem
786 1488 1018 1535 cognatum
1035 1495 1164 1534 quam
1188 1489 1231 1521 te
1249 1482 1404 1530 fuisse;
1435 1493 1585 1521 conce-

263 1551 407 1591 dimus
430 1551 568 1591 officia
584 1558 659 1591 tua
678 1551 717 1591 in
737 1551 856 1592 illum
875 1550 1078 1591 nonnulla
1097 1551 1313 1590 exstitisse
1333 1563 1341 1598 ;
1373 1548 1586 1601 stipendia

262 1632 338 1659 vos
380 1633 463 1660 una
501 1620 646 1660 fecisse
683 1619 951 1672 aliquamdiu
993 1632 1120 1659 nemo
1162 1625 1313 1671 negat:
1366 1618 1440 1658 sed
1482 1617 1586 1670 quid

263 1695 409 1728 contra
443 1694 752 1728 testamentum
796 1688 912 1736 dicis,
952 1688 992 1727 in
1035 1701 1120 1740 quo
1162 1687 1342 1740 scriptus
1384 1686 1452 1726 hic
1492 1689 1586 1726 est?

266 1754 388 1812 [Rut.
413 1756 523 1810 Lup.
547 1757 571 1798 i.
599 1753 682 1811 19]

333 1832 419 1865 214·
453 1824 554 1863 Non
585 1823 698 1862 enim
731 1823 868 1863 simile
900 1830 964 1863 est
990 1823 1130 1863 vivere
1163 1824 1203 1862 in
1236 1834 1374 1873 aequa
1403 1820 1587 1867 civitate,

262 1891 335 1932 ubi
369 1892 432 1931 ius
466 1892 630 1944 legibus
663 1891 815 1940 valeat,
848 1898 889 1931 et
922 1891 1119 1932 devenire
1150 1890 1229 1930 sub
1261 1889 1386 1929 unius
1414 1888 1588 1941 tyranni

260 1960 501 2013 imperium,
518 1961 590 2000 ubi
605 1961 835 2013 singularis
850 1960 986 2001 libido
1003 1960 1260 2001 dominetur.
1314 1958 1402 2000 Sed
1419 1970 1590 1998 necesse

258 2037 321 2069 cst
351 2036 425 2069 aut
453 2029 617 2081 legibus
644 2029 800 2069 fretum
834 2030 1082 2069 meminisse
1110 2028 1333 2077 libertatis,
1364 2034 1437 2067 aut
1466 2026 1588 2067 unius

260 2098 467 2151 potestati
485 2098 696 2138 traditum
716 2097 1016 2150 quotidianam
1032 2096 1314 2138 commentari
1327 2095 1590 2136 servitutem.

263 2163 387 2221 [Rut.
419 2165 528 2218 Lup.
553 2165 593 2205 ii.
618 2162 675 2220 2.]

333 2239 417 2276 215·
458 2230 578 2284 Quid
616 2231 650 2270 si
689 2231 866 2271 tandem
902 2231 1041 2272 iudice
1078 2237 1230 2271 natura
1266 2230 1376 2270 hanc
1414 2242 1588 2269 causam

261 2314 499 2354 ageremu5‚
522 2313 632 2352 quae
656 2300 714 2341 ita
738 2300 880 2341 divisit
905 2299 1099 2353 <virilem
1121 2298 1192 2352 et>
1219 2298 1469 2339 muliebrem
1495 2311 1588 2351 per-

284 2430 287 2431 r
305 2407 368 2437 206
390 2405 694 2446 ’γιγνομένουςειάὠ
714 2403 836 2435 Nauck
983 2415 1048 2444 209
1073 2404 1155 2435 Post
1172 2404 1305 2446 φεύγειν
1321 2404 1396 2436 add.
1417 2406 1483 2436 δεῖν
1501 2403 1590 2434 Fuhr

263 2459 324 2487 215
350 2449 477 2479 virilem
497 2455 530 2479 et
548 2449 608 2478 ins.
629 2447 801 2479 Ruhnken
