1843 2788
528 124 690 161 ΤΠΕΡ
739 121 1160 160 ΕΎΞΕΝΙΠΠΟΎ
1534 123 1591 159 IV

185 229 467 281 ἀφορίσαντας,
496 227 557 267 καὶ
589 226 633 266 οὐ
665 225 945 278 προσηκόντως
974 226 1043 266 τὰς
1075 226 1142 265 δύο
1168 225 1299 277 φυλὰς
1332 225 1503 278 ἐχούσας

186 295 230 336 τὸ
255 296 355 346 ὅρος.
415 296 552 345 μικρὸν
577 294 618 334 δὲ
644 292 836 332 διαλιπὼν
860 293 903 332 ἐν
927 292 1053 346 ταύτῷ
1078 291 1312 343 ψηφίσματι
1337 290 1502 343 γράφεις
1536 303 1575 337 17

186 363 255 403 τὰς
279 361 379 401 ὀκτὼ
405 361 534 412 φυλὰς
558 360 718 411 πορίσαι
743 361 830 398 ταῖν
860 361 966 399 δυοῖν
991 361 1139 410 φυλαῖν
1168 359 1216 397 τὰ
1244 356 1414 410 διάφορα
1440 358 1502 398 καὶ
1533 356 1621 410 [col.
1651 361 1696 395 13

187 428 410 472 ἀποδοῦναι,
446 427 552 467 ὅπως
584 425 631 466 ἂν
667 424 718 476 μὴ
754 426 1006 466 ἐλαττῶνται.
1079 425 1202 464 καίτοι
1235 425 1267 464 εἰ
1300 426 1371 474 μὲν
1404 425 1502 464 ἴδιον

150 491 266 546 5<ὂν>
290 497 368 533 τῶν
393 496 532 544 φυλῶν
565 492 720 547 ἀφῃροῦ
751 495 794 531 τὸ
825 493 925 543 ὅρος,
953 494 1034 532 πῶς
1063 490 1129 530 οὐκ
1161 491 1280 542 ὀργῆς
1304 488 1430 540 ἄξιοςῐ
1470 491 1503 531 εἰ

187 561 229 601 δὲ
259 559 311 610 μὴ
342 559 619 611 προσηκόντως
649 557 757 611 εἶχον
788 558 895 604 αὐτό,
923 558 1029 597 ἀλλὰ
1061 560 1129 596 τοῦ
1163 559 1251 597 θεοῦ
1283 558 1339 603 ὅν,
1372 557 1435 597 διὰ
1467 557 1506 596 τί

187 627 255 667 τὰς
279 625 405 667 ἄλλας
429 627 559 677 φυλὰς
583 625 755 677 ἔγραφες
780 624 913 666 αὐταῖς
938 623 1275 676 προσαποδιδόναι
1299 623 1501 675 ἀργύριον;

187 691 388 744 ἀγαπητὸν
421 693 496 744 γὰρ
526 691 572 741 ἦν
606 691 739 733 αὐταῖς
772 692 805 731 εἰ
837 692 885 731 τὰ
917 694 984 730 τοῦ
1016 692 1105 730 θεοῦ
1137 690 1416 730 ἀποδώσουσιν
1443 689 1505 730 καὶ

187 758 239 809 μὴ
264 759 655 810 προσαποτείσουσιν
680 757 876 810 ἀργύριον.

130 838 169 861 10
253 824 371 865 Ταῦτ’
402 826 444 865 ἐν
477 828 531 879 τῷ
565 825 801 878 δικαστηρίῳ
835 822 1093 874 ἐξεταζόμενα
1126 822 1193 862 οὐκ
1225 823 1348 874 ὀρθῶς
1380 822 1506 863 ἐδόκει
1538 828 1578 862 18

187 891 423 944 γεγράφθαι,
451 892 557 931 ἀλλὰ
583 890 916 943 κατεψηφίσαντό
945 906 1018 929 σου
1047 891 1083 930 οἱ
1112 890 1305 929 δικασταί.
1377 888 1445 929 εἶτ’
1472 889 1505 929 εἰ

186 959 258 1008 μὲν
287 957 488 1010 ἀπέφυγες
517 956 589 1007 τὴν
618 955 789 1009 γραφήν,
816 956 885 996 οὐκ
914 955 961 996 ἂν
993 956 1268 1008 κατεψεύσατο
1298 955 1411 997 οὗτος
1438 959 1506 995 τοῦ

188 1027 290 1071 θεοῦ,
318 1023 452 1074 ἐπειδὴ
483 1025 524 1064 δὲ
556 1022 706 1074 συνέβη
742 1040 807 1063 σοι
839 1024 1001 1069 ἁλῶναι,
1030 1022 1282 1073 Εὐξένιππον
1315 1025 1376 1062 δεῖ
1406 1022 1502 1061 ἀπο-

187 1090 373 1131 λωλέναι.
435 1091 496 1131 καὶ
522 1091 586 1131 σοὶ
610 1091 682 1140 μὲν
706 1093 765 1144 τῷ
783 1092 933 1130 τοιοῦτο
952 1088 1150 1142 ψήφισμα
1169 1088 1371 1141 γράψαντι
1389 1087 1506 1129 πέντε
1536 1088 1624 1142 [col.
1653 1093 1699 1126 14

133 1173 169 1205 15
190 1158 252 1198 καὶ
269 1159 395 1198 εἴκοσι
415 1160 599 1210 δραχμῶν
617 1155 791 1207 ἐτιμήθη,
809 1156 878 1197 τὸν
897 1158 939 1197 δὲ
958 1154 1245 1196 κατακλιθέντα
1265 1156 1320 1197 εἰς
1339 1158 1382 1194 τό
1404 1157 1506 1207 ἱερὸν

188 1228 255 1264 τοῦ
279 1223 400 1275 δήμου
426 1223 688 1265 κελεύσαντος
712 1222 800 1274 μηδ’
828 1224 870 1263 ἐν
894 1223 940 1279 τῇ
967 1223 1124 1278 Ἀττικῇ
1148 1225 1207 1262 δεῖ
1229 1221 1436 1274 τεθάφθαι.

255 1291 349 1331 Ναί·
384 1292 492 1331 δεινὰ
517 1291 592 1342 γὰρ
613 1290 803 1340 ἐποίησεν
823 1289 911 1341 περὶ
930 1289 1000 1340 τὴν
1020 1288 1183 1341 φιάλην,
1207 1288 1329 1330 ἐάσας
1355 1288 1502 1339 Ὀλυμ·
1541 1297 1580 1332 19

188 1355 307 1398 πιάδα
340 1357 543 1398 ἀναθεῖναι
577 1358 631 1398 εἰς
663 1359 706 1396 τὸ
742 1356 903 1408 ἄγαλμα
935 1358 1003 1406 τῆς
1027 1355 1213 1408 Ὑγιείας.
1284 1359 1398 1395 τοῦτο
1431 1357 1506 1407 γὰρ

188 1422 498 1474 ὑπολαμβάνεις,
517 1423 678 1476 ἐφόδιον
699 1425 820 1477 ἑαυτῷ
842 1424 895 1464 εἰς
914 1421 982 1463 τὸν
1002 1423 1136 1474 ἀγῶνα
1153 1425 1196 1462 τὸ
1216 1423 1366 1472 ἐκείνης
1385 1422 1509 1472 ὄνομα

131 1506 171 1528 20
188 1489 428 1543 παραφέρων
467 1490 530 1530 καὶ
567 1490 774 1530 κολακείαν
809 1491 936 1541 ψευδῆ
977 1492 1203 1541 κατηγορῶν
1243 1487 1506 1539 Εὐξενίππου,

187 1560 304 1608 μῖσος
330 1556 392 1597 καὶ
416 1555 537 1608 ὀργὴν
567 1556 668 1610 αὐτῷ
701 1554 910 1606 συλλέξειν
940 1557 1045 1607 παρὰ
1074 1560 1151 1596 τῶν
1182 1557 1391 1595 δικαστῶν.
1452 1558 1513 1595 δεῖ

188 1622 242 1670 δέ,
279 1621 308 1663 ὦ
344 1622 548 1674 βέλτιστε,
587 1622 639 1673 μὴ
675 1622 740 1663 ἐπὶ
775 1627 828 1677 τῷ
865 1621 1134 1673 Ὀλυμπιάδος
1166 1622 1328 1673 ὀνόματι
1359 1622 1423 1662 καὶ
1457 1625 1508 1676 τῷ

189 1688 451 1742 Ἀλεξάνδρου
476 1693 554 1730 τῶν
584 1693 759 1730 πολιτῶν
778 1706 865 1730 τινα
892 1689 1019 1739 ζητεῖν
1046 1689 1162 1729 κακόν
1182 1705 1218 1729 τι
1243 1687 1506 1740 ἐργάσασθαι,
1540 1683 1629 1737 [col.
1658 1688 1703 1723 15

189 1756 280 1796 ἀλλ’
306 1758 400 1797 ὅταν
430 1758 573 1797 ἐκεῖνοι
602 1755 698 1808 πρὸς
727 1759 795 1796 τὸν
825 1758 947 1807 δῆμον
977 1755 1046 1796 τὸν
1071 1755 1291 1806 Ἀθηναίων
1320 1753 1506 1795 ἐπιστέλ-
1539 1766 1585 1790 20

131 1841 169 1872 25
187 1828 291 1864 λωσι
326 1822 377 1874 μὴ
411 1824 458 1863 τὰ
490 1824 619 1863 δίκαια
654 1824 750 1873 μηδὲ
783 1823 831 1862 τὰ
864 1821 1127 1874 προσήκοντα,
1162 1823 1251 1863 τότε
1283 1820 1511 1862 ἀναστάντα

187 1891 284 1942 ὑπὲρ
318 1892 386 1940 τῆς
418 1890 573 1931 πόλεως
609 1888 832 1941 ἀντιλέγειν
870 1889 931 1929 καὶ
967 1892 1063 1941 πρὸς
1095 1889 1185 1930 τοὺς
1218 1888 1385 1939 ἥκοντας
1418 1887 1508 1939 παρ’

187 1956 314 1997 αὐτῶν
353 1959 692 2008 δικαιολογεῖσθαι
733 1955 794 1996 καὶ
836 1957 891 1997 εἰς
931 1955 976 1995 τὸ
1016 1959 1147 1996 κοινὸν
1184 1959 1262 1996 τῶν
1299 1953 1510 2005 Ἑλλήνων

189 2023 396 2075 συνέδριον
419 2023 658 2074 πορεύεο-θαι
689 2021 947 2073 βοηθήσοντα
976 2028 1022 2079 τῇ
1052 2023 1219 2074 πατρίδι.
1291 2022 1341 2062 σὺ
1374 2021 1405 2061 δ’
1433 2022 1513 2061 ἐκεῖ

187 2092 259 2141 μὲν
285 2089 534 2131 οὐδεπώποτε
565 2088 734 2139 ἀνέστης
763 2089 851 2130 οὐδὲ
879 2089 1004 2141 λόγον
1038 2089 1126 2140 περὶ
1158 2088 1285 2129 αὐτῶν
1318 2087 1508 2138 ἐποιήσω,

132 2175 173 2206 30
190 2155 328 2197 ἐνθάδε
354 2158 396 2197 δὲ
420 2159 552 2207 μισεῖς
576 2155 828 2206 Ὀλυμπιάδα
853 2156 916 2196 ἐπὶ
941 2159 993 2210 τῷ
1020 2154 1219 2196 ἀπολέσαι
1245 2154 1508 2205 Εὐξένιππον,

231 2276 251 2305 3
276 2265 403 2307 πορίσαι
421 2265 492 2305 Cb.‚
512 2265 539 2295 B
554 2275 560 2294 Ζ
585 2267 716 2303 ποιῆσαι
732 2263 769 2302 Ξ
887 2267 959 2297 ταῖν
976 2264 1057 2296 Bab.
1075 2275 1082 2295 ε
1106 2278 1167 2297 ταν
1183 2263 1220 2301 ,Η
1238 2275 1245 2294 :
1269 2267 1339 2297 τοῖν
1355 2264 1510 2295 Wester-

189 2320 301 2347 mann,
327 2309 355 2339 B
532 2318 551 2348 5
583 2310 621 2341 ‘bv
644 2308 719 2340 add.
741 2308 824 2347 Cb.;
850 2313 926 2348 post
951 2309 1034 2349 ἄξιος
1058 2308 1146 2339 idem
1172 2309 1201 2340 εἷ
1222 2308 1390 2339 excidisse
1415 2312 1512 2347 putat

193 2363 230 2383 12
255 2354 434 2394 ἀπεφευγες
450 2351 518 2391 ᾘ*,
539 2362 622 2383 corr.
640 2351 710 2390 „21¹3
844 2353 882 2382 16
906 2358 1080 2392 τεταφεναι
1096 2351 1164 2391 ,Βῆ
1185 2356 1220 2382 ut
1238 2352 1302 2382 vid.
1321 2363 1328 2382 z
1353 2355 1510 2391 τεταφθαι

190 2410 237 2429 ναι
251 2395 299 2433 3¹
316 2407 322 2428 ε
348 2396 501 2437 τεθάφθαι
514 2395 595 2427 Bab.
611 2406 617 2425 :
642 2394 819 2436 τεθάφθαι,·
844 2395 893 2427 ναί
908 2395 1052 2435 Kayser,
1067 2395 1094 2425 B
1108 2404 1116 2426 :
1140 2398 1289 2436 ταφῆναι.
1327 2396 1363 2433 νὴ
1376 2395 1437 2426 Δία
1449 2394 1509 2425 Cb.
