1843 2788
132 135 186 171 IV

19 457 64 483 (⁷)

63 639 136 676 col.
154 636 194 690 4]

66 1301 139 1338 col.
158 1298 197 1351 5]

72 1901 144 1939 col.
163 1898 204 1988 δὲ

699 134 1058 173 ὙΠΕΡΕΙΔΟΎ

221 236 433 288 ὑπομένειν
458 237 626 284 ἀκούειν,
653 238 744 289 πρὶν
769 237 862 277 αὐτὸ
887 237 930 277 τὸ
957 238 1176 291 κεφάλαιον
1205 242 1272 279 τοῦ
1301 239 1452 292 ἀγῶνος
1479 239 1540 280 καὶ

225 303 296 353 τὴν
337 303 584 356 ἀντιγραφὴν
629 302 873 354 ἐξετάσωσιν
916 306 949 344 εἰ
991 306 1102 346 ἔστιν
1145 307 1187 345 ἐκ
1228 309 1305 346 τῶν
1347 307 1476 356 νόμων
1516 302 1539 356 ἢ

224 369 290 421 μή·
340 369 384 410 οὐ
418 372 472 422 μᾶ
505 371 584 410 Δία
620 370 693 423 οὐχ
724 370 858 422 ὥσπερ
890 372 932 411 ἐν
965 377 1012 428 τῇ
1046 373 1257 426 κατηγορίᾳ
1290 373 1542 414 Πολύευκτος

226 436 376 489 ἔλεγεν,
406 437 451 478 οὐ
477 436 646 489 φάσκων
672 439 752 477 δεῖν
781 437 871 478 τοὺς
897 437 1240 490 ἀπολογουμένους
1270 439 1543 491 ἰσχυρίζεσθαι

225 507 278 557 τῷ
305 504 590 558 εἰσαγγελτικῷ
609 504 728 557 νόμῳ,
750 502 792 544 ὃς
818 504 968 544 κελεύει
994 506 1090 544 κατὰ
1114 508 1191 545 τῶν
1214 505 1389 557 ῥητόρων
1415 505 1542 546 αὐτῶν
1560 523 1576 554 5

226 571 296 611 τὰς
333 571 591 622 εἰσαγγελίας
629 569 727 610 εἶναι
761 569 850 621 περὶ
882 573 949 610 τοῦ
981 570 1114 622 λέγειν
1146 570 1198 622 μὴ
1229 573 1277 611 τὰ
1312 570 1455 623 ἄριστα
1490 575 1542 626 τῷ

228 634 347 690 δήμῳ,
391 635 434 675 οὗ
478 637 574 676 κατὰ
615 634 773 676 πάντων
812 635 1047 687 Ἀθηναίων.
1118 637 1195 689 ἐγὼ
1237 639 1278 678 δὲ
1319 638 1407 677 οὔτε
1448 638 1542 689 πρό-

226 719 339 754 τερον
376 702 532 744 οὐδενὸς
563 701 610 743 ἂν
645 702 862 753 μνησθείην
895 700 918 753 ἢ
950 703 1099 749 τούτου,
1128 704 1217 744 οὔτε
1249 705 1408 746 πλείους
1439 703 1545 754 οἶμαι

227 772 308 810 δεῖν
338 771 482 821 λόγους
513 771 713 810 ποιεῖσθαι
742 769 831 821 περὶ
863 769 988 810 ἄλλου
1018 770 1135 816 τινός,
1162 767 1184 819 ἢ
1215 770 1320 811 ὅπως
1349 771 1390 811 ἐν
1425 773 1543 821 δημο-

228 837 363 890 κρατίᾳ
397 836 519 888 κύριοι
551 838 587 876 οἱ
620 836 732 886 νόμοι
766 835 938 882 ἔσονται,
967 837 1028 877 καὶ
1058 838 1096 876 αἱ
1126 837 1375 888 εἰσαγγελίαι
1412 837 1474 877 καὶ
1507 838 1545 876 αἱ
1565 854 1604 877 10

227 902 348 942 ἄλλαι
373 903 520 954 κρίσεις
546 903 641 942 κατὰ
666 902 755 944 τοὺς
779 903 921 953 νόμους
947 903 1120 944 εἰσίασιν
1146 904 1200 945 εἷς
1218 902 1262 943 τὸ
1281 901 1545 954 δικαστήριον.

227 970 289 1009 διὰ
325 972 439 1009 τοῦτο
474 970 549 1021 γὰρ
585 969 694 1019 ὑμεῖς
725 969 822 1021 ὑπὲρ
859 969 1042 1010 ἁπάντων
1074 973 1152 1010 τῶν
1185 969 1443 1020 ἀδικημάτων,
1470 970 1548 1009 ὅσα

227 1036 339 1076 ἔστιν
382 1037 424 1076 ἐν
464 1041 511 1092 τῇ
552 1035 681 1081 πόλει,
725 1035 867 1086 νόμους
909 1036 1048 1077 ἔθεσθε
1088 1037 1208 1088 χωρὶς
1250 1036 1337 1088 περὶ
1379 1035 1548 1076 ἑκάστου

228 1103 368 1143 αὐτῶν.
438 1103 585 1153 ἀσεβεῖ
606 1118 665 1143 τις
689 1103 777 1153 περὶ
803 1104 851 1142 τὰ
877 1101 972 1154 ἱερά·
1010 1101 1205 1155 γράφεται
1234 1103 1424 1153 ἀσεβείας
1453 1101 1549 1154 πρὸς

228 1172 296 1209 τὸν
331 1168 736 1220 βασιλέα.-φαῦλός
778 1170 865 1209 ἐστι
902 1172 998 1220 πρὸς
1036 1169 1126 1211 τοὺς
1168 1171 1305 1209 ἑαυτοῦ
1343 1172 1484 1221 γονεῖς·
1529 1169 1548 1207 ὁ
1571 1188 1607 1219 ¹5

228 1235 361 1288 ἄρχων
403 1236 466 1275 ἐπὶ
508 1236 645 1276 τούτου
688 1234 1132 1287 κάθηται.-παράνομά
1173 1252 1230 1278 τις
1271 1237 1314 1276 ἐν
1351 1241 1399 1292 τῇ
1434 1236 1549 1276 πόλει

228 1301 387 1354 γράφει·
419 1305 669 1353 θεσμοθετῶν
691 1301 893 1353 συνέδριον
919 1303 1294 1354 ἔστι.-ἆπαγωγῆς
1318 1301 1408 1352 ἄξια
1432 1305 1548 1342 ποιεῖ·

229 1368 331 1421 ἀρχὴ
361 1372 438 1409 τῶν
465 1370 600 1409 ἕνδεκα
626 1367 985 1419 καθέστηκέ-τὸν
1010 1368 1127 1409 αὐτὸν
1153 1371 1194 1409 δὲ
1221 1369 1367 1421 τρόπον
1397 1368 1458 1408 καὶ
1487 1369 1550 1409 ε’πὶ

229 1439 307 1476 τῶν
335 1434 470 1475 ἄλλων
500 1434 747 1486 ἀδικημάτων
777 1434 961 1476 ἁπάντων
987 1435 1047 1475 καὶ
1076 1435 1216 1486 νόμους
1248 1435 1309 1475 καὶ
1339 1435 1464 1488 ἀρχᾶς
1489 1435 1551 1475 καὶ

231 1501 463 1553 δικαστήρια
491 1503 538 1541 τὰ
570 1500 821 1553 προσήκοντα
850 1501 1032 1544 ἑκάστοις
1057 1502 1182 1542 αὐτῶν
1207 1501 1385 1542 ἀπέδοτε.
1454 1502 1552 1553 ὑπὲρ
1574 1519 1614 1540 20

230 1570 348 1609 τίνων
384 1569 452 1609 οὖν
489 1570 620 1609 οἴεσθε
657 1572 737 1608 δεῖν
773 1570 842 1610 τὰς
879 1569 1135 1620 εἰσαγγελίας
1173 1569 1402 1620 γίγνεσθαι;
1450 1567 1551 1608 τοῦτ’

231 1635 302 1686 ἤδη
342 1635 426 1675 καθ’
463 1636 634 1676 ἕκαστον
671 1636 712 1675 ἐν
748 1639 799 1689 τῷ
836 1636 941 1690 νόμῳ
980 1634 1196 1687 ἐγράψατε,
1234 1636 1297 1675 ἵνα
1337 1634 1390 1686 μὴ
1429 1635 1553 1691 ἀγνοῇ

231 1703 378 1753 μηδείς·
419 1701 514 1742 ξἐάν
543 1700 627 1747 τις,’
658 1703 774 1753 φησί,
810 1701 904 1742 ’τὸν
935 1704 1055 1753 δῆμον
1086 1705 1153 1742 τὸν
1182 1700 1403 1752 Ἀθηναίων
1437 1718 1551 1741 κατα-

233 1768 567 1824 λύῃ·’-εῑκότως,
595 1766 624 1808 ὦ
649 1767 786 1820 ἄνδρες
811 1770 1007 1809 δικασταί·
1044 1768 1066 1818 ἡ
1094 1769 1167 1820 γὰρ
1193 1768 1350 1818 τοιαύτη
1377 1768 1482 1808 αἰτία
1510 1767 1554 1807 οὐ

234 1835 497 1888 παραδέχεται
523 1837 676 1887 σκῆψιν
703 1835 883 1886 οὐδεμίαν
909 1834 1063 1876 οὐδενὸς
1091 1834 1169 1874 οὐδ’
1186 1835 1431 1885 ὑπωμοσίαν,
1450 1835 1556 1874 ἀλλὰ
1577 1852 1614 1883 25

233 1901 303 1951 τὴν
327 1903 520 1954 ταχίστην
549 1900 668 1951 αὐτὴν
697 1904 756 1942 δεῖ
784 1901 882 1942 εἶναι
909 1903 951 1942 ἐν
976 1906 1027 1956 τῷ
1055 1898 1389 1955 δικαστηρίῳ·-ἢ
1417 1902 1556 1957 ίσυνίῃ

234 1984 302 2008 ποι
327 1968 390 2009 ἐπὶ
414 1968 630 2008 καταλύσει
662 1971 729 2007 τοῦ
761 1967 882 2019 δήμου
915 1965 938 2018 ἢ
972 1970 1164 2020 ἑταιρικὸν
1194 1967 1412 2024 συναγάγῃ,
1439 1964 1462 2017 ἢ
1489 1966 1557 2008 ἐάν

235 2051 293 2077 τις
318 2035 435 2075 πόλιν
460 2036 547 2075 τινὰ
570 2038 700 2089 προδῷ
725 2031 747 2084 ἢ
774 2038 865 2077 ναῦς
889 2032 912 2085 ἦ
938 2034 1063 2084 πεζὴν
1088 2031 1111 2084 ἢ
1141 2034 1323 2084 ναυτικὴν
1353 2033 1554 2086 στρατιάν,

234 2098 257 2151 ἢ
292 2099 419 2153 ῥήτωρ
457 2100 510 2141 ὢν
545 2101 596 2152 μὴ
632 2101 731 2157 λέγῃ
767 2103 815 2141 τὰ
850 2101 992 2153 ἄριστα
1027 2105 1079 2155 τῷ
1118 2099 1223 2155 δήμῳ
1257 2104 1309 2155 τῷ
1337 2100 1556 2151 Ἀθηναίων

235 2167 418 2221 χρήματα
449 2167 698 2219 λαμβάνωι··’
737 2169 783 2207 τὰ
813 2170 885 2218 μὲν
915 2168 993 2208 ἄνω
1021 2171 1089 2207 τοῦ
1119 2168 1239 2218 νόμου
1272 2169 1369 2207 κατὰ
1399 2166 1556 2208 πάντων
1577 2186 1617 2217 30

287 2286 299 2306 1
327 2278 399 2317 πρὶν
424 2277 462 2308 ἂν
488 2276 738 2315 Schneidewin,
760 2275 819 2307 Cb.
988 2276 1009 2305 6
1032 2275 1091 2315 μὴῙ
1117 2288 1160 2315 μη
1185 2288 1220 2306 ου
1241 2275 1289 2312 fi.
1315 2277 1349 2307 οὐ
1374 2275 1438 2306 del.
1461 2275 1555 2314 Bab„

241 2320 316 2350 edd.
335 2325 412 2351 cett.
581 2330 617 2357 14
641 2319 799 2360 γράφεται
818 2318 886 2359 ἀῶ]
904 2326 1023 2360 γραφαι
1041 2323 1118 2355 βασ.
1136 2318 1206 2356 fiss.
1223 2323 1244 2356 β
1262 2318 1326 2350 del.
1344 2317 1394 2356 ,ξι-’(2
1409 2330 1416 2357 ;
1439 2320 1559 2359 ’γραφαὶ

242 2364 315 2393 sine
333 2363 434 2393 verbo
452 2362 548 2402 Bab„
569 2362 608 2401 B,
629 2364 710 2394 εἰσὶν
727 2363 800 2392 add.
821 2362 893 2393 Cb..
911 2362 962 2393 alii
1117 2371 1153 2391 21
1181 2361 1301 2402 οἴεσθε]
1321 2362 1419 2402 ᾤεσθε
1436 2362 1509 2400 Cb.‚
1530 2361 1556 2391 B

244 2417 284 2445 23
313 2407 481 2448 καταλύσῃ
498 2405 566 2445 21²³,
588 2416 670 2436 corr.
692 2405 742 2443 3¹
875 2415 914 2444 27
940 2405 1009 2445 mn]
1028 2418 1087 2436 που
1103 2404 1172 2442 11³⁵,
1189 2415 1275 2436 corr.
1292 2404 1341 2442 ΞΝ
