1843 2788
712 132 1144 174 CITATIONES

337 250 398 286 57.
439 239 533 290 ἔργα
570 239 681 285 νέων,
720 242 866 289 βουλαὶ
903 244 943 281 δὲ
977 241 1122 291 μέσων,
1161 243 1272 296 εὐχαὶ
1306 246 1346 284 δὲ
1382 244 1591 296 γερόντων.

271 307 342 346 Ex
369 307 563 348 Hesiodo
584 309 740 349 dicitur
760 309 882 363 Hyp.
907 323 1079 351 versum
1103 311 1215 351 hunc
1239 312 1321 359 (vel
1345 313 1432 354 duo
1456 314 1594 365 prima

267 376 399 417 verba
422 376 631 430 eiusdem)
649 377 810 418 citasse.
859 375 1011 434 [Mich.
1031 379 1188 432 Apost.
1210 381 1465 431 proverbia,
1485 389 1593 423 cent.

268 457 308 496 9,
333 446 383 484 6:
417 445 472 498 cs.
497 445 633 499 Harp.
654 460 684 486 s.
701 442 758 501 α]

337 517 396 556 58.
437 509 587 559 Εὔηνος
613 511 759 565 (poeta
781 512 1029 567 elegiacus).
1093 511 1249 570 [Harp.
1271 530 1302 556 s.
1318 513 1375 571 zu]

338 585 399 621 59.
440 574 693 615 κατέλευσαν.
768 576 926 633 [Harp.
948 576 1054 634 s.t·.]

339 642 401 680 60.
443 641 630 683 Κολωνὸς
668 640 826 693 (ἕτερος,
861 642 957 693 πρὸς
993 643 1035 682 τὸ
1069 647 1137 683 τοῦ
1171 647 1425 687 Ποσειδῶνος
1463 646 1593 697 ἱερόν).

273 707 434 765 [Harp.
457 725 487 750 s.
504 701 834 760 ijkove'ras]

338 774 399 812 61.
442 775 653 824 Μηλόβιος
675 773 746 825 (εἷς
771 778 848 815 τῶν
872 773 1107 826 τριάκοντα).
1162 775 1323 834 [Harp.
1345 779 1450 833 5212]

339 841 400 879 62.
440 840 712 892 ποὸοστράβη.
789 841 948 901 [Hal-p.
971 858 1002 884 s.
1021 842 1080 900 22]

304 967 326 1003 6
339 907 401 1020 33.
432 907 637 958 ῥητορικῆς
652 904 892 960 (γραφῆς)ἐκ
910 908 1046 959 δήμου.
1077 908 1197 966 [Lex.
1219 910 1425 953 Camlabr.
1443 927 1482 966 p.
1501 912 1597 963 677,

278 977 293 1003 1
332 997 339 1004 .

339 1032 400 1075 64.
439 1028 490 1081 (oz
517 1032 601 1071 καθ’
623 1033 792 1072 ἕκαστον
813 1032 993 1072 ἐνιαυτὸν
1020 1034 1360 1085 χειροτονούμενοι
1381 1032 1597 1084 στρατηγοὶ

272 1096 364 1137 οέκα
389 1095 516 1147 ἦσαν).
592 1097 749 1155 [Harp.
772 1115 801 1140 s.
818 1115 854 1140 v.
883 1095 1129 1154 στρατηγοί.]

341 1164 401 1209 65.
442 1164 575 1215 γνώμη
593 1163 660 1215 (ὡς
676 1165 718 1204 ἐν
739 1166 812 1219 ἴσῳ
831 1166 907 1205 εἴτε
927 1165 980 1219 τῷ
1004 1166 1177 1207 διανοίας
1198 1166 1275 1206 εἴτε
1298 1166 1359 1206 καὶ
1377 1164 1597 1216 ε’ννοήσεως

273 1229 460 1282 ἐλέγετο).
535 1230 760 1288 [Galenus,
783 1233 867 1274 vol.
891 1233 1008 1274 xviii.
1035 1246 1071 1282 2,
1097 1247 1138 1286 p.
1163 1233 1242 1287 657
1270 1231 1438 1290 Kuhn]

670 1348 732 1370 XVI
741 1348 747 1370 1
757 1348 776 1370 1.
829 1345 933 1372 ΠΡΟΣ
967 1346 1202 1373 ΔΑΜῙΠΠΟΝ.

342 1414 403 1453 66.
446 1414 693 1465 πρόσκλησις
718 1410 799 1460 (Vel
826 1411 1211 1465 προσκαλέσασθαι).
1286 1414 1448 1473 [Harp.
1469 1431 1502 1458 s.
1519 1414 1580 1473 v.]

764 1537 838 1560 XIX.
889 1535 1109 1562 ΔΗΛΙΑΚΟΣ.

343 1603 405 1648 67.
443 1602 603 1654 λέγεται
630 1604 702 1654 γὰρ
728 1602 798 1652 τὴν
819 1604 935 1652 ,Χητὼ
963 1606 1132 1643 κυοῦσαν
1158 1603 1247 1645 τοὺς
1274 1607 1414 1645 παῖδας
1440 1605 1482 1643 ἐκ
1504 1602 1600 1643 Διὸς

275 1668 513 1709 ἐλαύνεσθαι
550 1668 624 1709 ὑπὸ
657 1671 725 1719 τῆς
747 1667 879 1721 “Hpas·
914 1671 1010 1709 κατὰ
1043 1672 1117 1722 γῆν
1152 1670 1213 1710 καὶ
1250 1671 1346 1710 κατὰ
1383 1668 1597 1709 θάλατταν·

276 1735 347 1785 ἤδη
386 1737 427 1775 δὲ
463 1735 584 1785 αὐτὴν
623 1734 900 1787 βαρυνομένην
938 1736 1000 1775 καὶ
1043 1737 1272 1788 ἀποροῦσαν
1315 1737 1370 1778 εἷς
1411 1736 1482 1786 τὴν
1525 1737 1600 1787 γῆν

277 1803 408 1842 ἐλθεῖν
440 1801 510 1851 τὴν
539 1801 733 1852 ἡμετέραν
764 1802 826 1842 καὶ
854 1805 976 1842 λῦσαι
1008 1802 1079 1852 τὴν
1112 1803 1235 1853 ζώνην
1266 1804 1308 1843 ἐν
1336 1807 1388 1858 τῷ
1418 1803 1524 1856 τόπῳ
1558 1801 1600 1843 ὃς

277 1872 344 1908 νῦν
382 1868 552 1920 Ζωστὴρ
589 1872 766 1908 καλεῖται
802 1870 947 1923 [Max.
971 1870 1186 1912 Planudes
1218 1886 1256 1911 V.
1279 1870 1401 1924 p.481
1438 1866 1598 1926 Walz]

277 1935 412 1975 ἔπειτα
449 1936 504 1976 εἰς
538 1936 675 1984 Δῆλον
712 1937 914 1985 διαβᾶσαν
950 1934 1130 1985 διδύμους
1165 1939 1306 1982 τεκεῖν,
1336 1934 1526 1986 ’Ἄρτεμίν
1560 1951 1601 1975 τε

280 2002 342 2041 καὶ
376 2000 564 2041 Ἀπόλλω
598 2001 687 2043 τοὺς
721 2001 832 2043 θεούς
860 2000 1029 2059 [Ioann.
1062 2002 1146 2044 Sic.
1177 2004 1228 2044 vi.
1263 2018 1303 2056 p.
1335 2014 1418 2043 210
1440 1999 1598 2057 Walz]

274 2068 402 2117 (τοῦτο
447 2068 509 2107 καὶ
544 2067 633 2108 εΎπ.
673 2068 714 2108 ἐν
758 2071 959 2121 Δηλιακῷ,
1006 2068 1253 2118 βουλόμενος
1294 2067 1418 2117 δεῖξαι
1460 2067 1521 2107 ὅτι
1562 2068 1602 2107 αἱ

280 2137 396 2184 νῆσοι
431 2134 549 2186 ἐγγύς
586 2135 666 2174 εἰσι
698 2136 765 2184 τῆς
799 2133 991 2184 Ἀττικῆς,
1026 2133 1148 2180 εἶπεν,
1184 2134 1246 2174 ὅτι
1277 2133 1344 2174 ἀπ’
1377 2133 1498 2184 ἄκρας
1533 2134 1601 2183 τῆς

281 2200 462 2250 Ἀττικῆς
486 2201 508 2250 ἡ
536 2201 651 2251 Λητὼ
683 2200 810 2251 ἐπέβη
844 2202 913 2250 τῆς
947 2197 1085 2250 νήσου)
1111 2199 1279 2258 [Schol.
1306 2202 1347 2242 in
1369 2201 1553 2242 Aristid.
1577 2200 1603 2240 i.

283 2279 347 2322 97,
373 2269 458 2309 vol.
492 2269 547 2309 iii.
578 2284 618 2323 p.
653 2281 702 2320 27
739 2265 892 2324 Dind.]
930 2266 990 2317 (τὸ
1025 2269 1067 2308 δὲ
1097 2268 1295 2318 Προνοίας
1330 2265 1401 2324 [sc.
1431 2264 1602 2315 Ἀθηνᾶς

284 2329 404 2385 ἱερὸν]
441 2332 530 2373 Ὕπ.
569 2335 610 2373 ἐν
655 2337 755 2383 Δηλ.
795 2338 964 2388 συνιστᾷ
1006 2334 1066 2373 ὅτι
1108 2334 1151 2374 ἐν
1192 2333 1238 2389 τῇ
1278 2332 1435 2389 Ἀττικῇ
1476 2328 1604 2379 ἐστιν)

286 2390 439 2449 [Schol
476 2393 575 2434 Vat.
600 2394 639 2434 in
664 2393 868 2434 Aeschin.
894 2405 928 2446 3.
955 2390 1070 2448 108]
