1843 2788
338 135 428 176 EX
473 137 965 181 ORATIONIBVS
1013 140 1449 183 DEPERDITIS

235 230 398 288 sonam,
414 245 460 280 ut
478 253 602 279 suum
624 239 777 291 cuique
793 253 902 292 opus
924 246 1055 293 atque
1069 241 1256 282 officium
1273 243 1559 294 distribueret,

234 311 276 344 et
297 319 378 358 ego
401 305 513 346 hunc
535 308 806 348 ostenderem
839 308 1037 348 muliebri
1062 310 1145 349 ritu
1168 324 1259 350 esse
1281 324 1358 351 suo
1381 325 1560 364 corpore

234 373 443 414 abusum:
488 388 628 415 nonne
655 375 1030 417 vehementissime
1058 378 1355 428 admiraretur,
1382 380 1414 419 si
1441 380 1558 432 quis-

233 455 363 494 quam
396 455 480 483 non
509 444 803 497 gratissimum
835 458 990 485 munus
1019 446 1312 497 arbitraretur,
1342 448 1480 487 virum
1514 462 1558 488 se

234 517 396 559 natum,
428 511 507 551 sed>
536 512 775 564 depravato
808 519 987 554 naturae
1019 514 1228 555 beneficio
1261 516 1301 555 in
1335 517 1557 556 mulierem

234 585 478 619 convertere
500 585 806 634 properasset?
853 578 978 637 [Rut.
1005 583 1114 636 Lup.
1139 584 1177 624 ii.
1201 581 1258 639 6.]

304 643 388 677 216·
423 645 538 685 Nam
575 646 761 687 hominis
798 648 913 687 avari
951 655 1082 700 atque
1119 651 1227 690 asoti
1267 664 1398 690 unum
1431 658 1559 703 atque

233 713 347 753 idem
365 713 517 753 vitium
536 720 600 754 est
619 731 626 754 ε
662 720 840 768 uterque
863 716 976 755 enim
999 719 1130 757 nescit
1149 719 1224 767 uti,
1241 724 1371 771 atque
1389 720 1558 771 utrique

233 781 413 834 pecunia
429 781 631 823 dedecori
652 788 726 823 est.
789 783 935 836 Quare
951 785 1103 825 merito
1121 786 1291 838 utrique
1310 788 1400 839 pari
1420 801 1559 839 poena

233 850 484 891 afficiuntur.
531 865 636 903 quos
686 852 846 904 pariter
892 866 975 893 non
1023 854 1146 894 decet
1187 855 1354 895 habere.
1433 852 1558 911 [Rut.

234 919 343 973 Lup.
367 919 404 959 ii.
429 917 488 974 9.]

303 990 390 1029 217.
425 985 557 1039 Cogis
579 999 647 1026 me
670 986 846 1028 iniuriae
864 993 963 1028 tuae
986 1000 1159 1028 causam
1184 989 1402 1041 proferre?
1440 990 1558 1030 Nihil

231 1054 351 1108 agis;
389 1067 474 1094 non
496 1054 649 1094 dicam.
714 1054 801 1096 Sed
828 1056 966 1108 ipsum
995 1062 1165 1109 tempus
1196 1070 1290 1097 eam
1315 1057 1558 1110 patefaciet.

233 1119 358 1178 [Rut.
381 1122 490 1175 Lup.
512 1123 552 1162 ii.
581 1120 664 1178 11.]

303 1187 387 1222 218·
426 1187 513 1228 Sed
541 1201 623 1241 ego
653 1189 750 1238 iam,
777 1190 946 1240 iudices,
975 1204 1193 1231 summum
1221 1206 1270 1232 ac
1301 1192 1558 1245 legitimum,

234 1257 350 1309 quod
383 1256 580 1309 exposui,
612 1270 732 1297 meae
762 1271 915 1298 causae
952 1259 1015 1298 ius
1047 1259 1233 1309 omitto;
1284 1261 1406 1301 vobis
1440 1261 1557 1313 quod

233 1325 543 1378 aequissimum
573 1324 771 1365 videatur
803 1333 849 1366 ut
881 1327 1151 1368 constituatis
1182 1329 1394 1380 permitto.
1457 1329 1557 1371 Non

232 1394 346 1435 enim
376 1407 521 1434 vereor
552 1394 668 1445 quin,
697 1394 865 1434 etiamsi
897 1396 950 1435 sit
984 1409 1144 1436 novum
1178 1397 1301 1436 vobis
1334 1397 1557 1438 instituen-

233 1464 352 1513 dum,
376 1462 556 1502 libenter
580 1463 622 1503 id
646 1465 763 1515 quod
786 1464 961 1516 postulo
992 1472 1168 1518 propter
1190 1465 1416 1506 utilitatem
1441 1480 1558 1508 com-

233 1532 372 1572 munis
397 1531 721 1571 consuetudinis
743 1534 992 1585 sequamini.
1060 1531 1183 1590 [Rut.
1209 1535 1317 1588 Lup.
1342 1535 1379 1574 ii.
1407 1533 1494 1591 17.]

301 1607 388 1643 219.
430 1599 571 1636 Δοκεῖς
595 1596 670 1647 γὰρ
698 1595 815 1636 αὐτὸν
843 1598 986 1644 εἰπεῖν;
1041 1594 1340 1650 [Herodianus
1360 1616 1399 1640 π.
1431 1617 1554 1653 σχημ.

230 1666 313 1707 viii.
337 1664 419 1719 598
443 1662 600 1721 Walz.]

301 1742 416 1777 219a.
455 1728 719 1782 Παραπέμπει
758 1732 832 1782 γὰρ
869 1732 968 1782 ἡμᾶς
1009 1732 1031 1782 ἡ
1075 1733 1202 1773 ἐλπίς·
1254 1733 1349 1783 αὕτη
1386 1735 1428 1774 δὲ
1465 1735 1557 1775 ἀτυ-

232 1797 409 1851 χούντων
440 1795 548 1836 ἐστὶν
580 1797 754 1848 ἐφόδιον.
829 1794 1087 1850 [Herodian.
1119 1816 1158 1839 π.
1193 1816 1316 1852 σχημ.
1351 1802 1422 1842 viii
1472 1802 1552 1842 601

233 1864 392 1924 Walz.]

307 1945 391 1968 220.
429 1931 539 1983 ἄγειν
558 1931 769 1984 (Ξέχειυ).
843 1932 1003 1991 [Bekk.
1028 1935 1184 1975 Anecd.
1209 1946 1306 1988 335,
1330 1933 1418 1991 24]

308 2010 393 2034 221·
430 2002 499 2038 τὸν
524 1997 722 2050 ἀγήρατον
747 2000 904 2051 χρόνου.
979 1999 1158 2057 [Pollux
1183 2001 1222 2041 ii.
1251 1999 1332 2057 14]

307 2077 391 2101 222.
430 2065 642 2117 Αἰγιλιεύς.
715 2063 1001 2122 [Harp.s.v.]

307 2143 392 2179 223.
428 2133 738 2184 αἷσχροκερὸεἳυ.
814 2131 990 2190 [Pollux
1014 2133 1067 2174 iii.
1097 2129 1208 2188 113]

305 2210 388 2243 224·
426 2199 610 2250 ἀλφιτεῖς
649 2197 760 2246 (Ξοὶ
801 2199 849 2237 τὰ
896 2196 1048 2250 ἄλφιτα
1090 2195 1318 2247 ποιοῦντες).
1395 2195 1555 2254 [Bekk.

233 2258 389 2299 Auecd.
413 2258 508 2312 381,
534 2254 591 2314 7.]

277 2375 369 2405 219a.
407 2365 506 2396 Hanc
535 2365 736 2395 sententiam
771 2364 940 2403 Hyperidi
974 2364 1087 2394 tribuit
1117 2363 1155 2402 B,
1187 2366 1326 2402 propter
1355 2361 1556 2393 locutionum

232 2409 498 2447 similitudinem,
512 2408 602 2447 quod
616 2408 671 2438 vix
685 2408 769 2439 satis
783 2408 913 2438 firmum
928 2412 1162 2445 argumentum
1176 2407 1310 2437 videtur
1399 2415 1454 2435 221
1480 2405 1558 2434 For-

233 2458 322 2484 tasse
339 2463 382 2483 ex
399 2452 553 2483 oratione
571 2451 701 2483 funebri
721 2451 780 2491 gita
799 2452 971 2492 Sauppe);
1000 2450 1039 2482 cf.
1061 2461 1108 2481 or.
1129 2450 1169 2481 vi.
1190 2461 1242 2488 42.
1389 2492 1427 2523 6*
