1843 2788
674 139 1078 179 PRAEFATIO

213 256 254 295 in
297 254 581 307 Philippidem
624 252 769 306 paullo
809 258 906 305 post
949 258 1131 292 mortem
1171 249 1358 303 Philippi
1393 256 1534 290 actam

213 325 303 353 esse
325 326 348 352 e
370 325 405 351 c.
430 311 452 350 8
476 323 611 364 paene
637 309 867 362 probatum
890 316 980 355 est3
1014 313 1229 362 superstes
1255 308 1370 347 enim
1394 307 1535 348 adhuc

214 377 304 410 erat
328 382 406 409 rex
430 368 733 418 Macedonum,
748 380 845 408 cum
871 366 1138 419 Philippides
1160 367 1378 406 decretum
1397 364 1537 415 ferret,

214 428 268 467 de
300 440 388 479 quo
412 439 509 466 eum
540 431 713 466 accusat
743 424 1005 477 Hyperides⁹
1026 429 1221 464 mortuus
1248 429 1407 471 autem,
1438 435 1536 462 cum

216 498 281 525 res
322 484 376 524 ad
418 484 581 524 iudices
621 482 869 523 deferretur.
945 482 1079 522 Anno
1122 481 1252 534 igitur
1289 493 1326 521 a.
1366 478 1415 520 C.
1453 479 1534 533 336

215 541 393 583 exeunti
415 540 646 582 tribuenda
667 554 758 580 esse
784 540 951 580 videtur
972 539 1109 580 oratio
1130 553 1139 589 ;
1171 537 1371 579 dissentit
1392 543 1535 577 autem

217 599 350 649 Blass,
389 599 461 651 qui
502 598 600 638 vivo
644 597 845 650 Philippo
886 597 1080 637 habitam
1123 609 1214 636 esse
1255 601 1412 636 censet.
1487 595 1538 634 In

216 656 552 710 Athenogenem
576 655 815 696 orationem
833 654 1002 707 scripsit
1029 654 1279 707 Hyperides
1302 653 1424 693 annis
1441 652 1538 704 plus

216 727 347 767 quam
369 720 542 754 centum
568 713 880 766 quinquaginta
901 718 1000 764 post
1021 711 1184 751 bellum
1210 710 1427 750 Persicum
1451 709 1535 749 iam

216 771 399 824 peractis
424 771 474 819 (c,
497 769 581 825 32),
604 771 647 810 id
677 771 792 822 quod
824 783 983 809 annum
1013 769 1122 809 inter
1150 766 1231 821 328
1258 775 1300 808 et
1323 778 1404 821 323
1428 766 1538 807 clare

216 829 390 869 indicat.
425 829 586 868 Iisdem
603 827 689 868 fere
707 827 973 879 temporibus
985 826 1177 866 habitam
1193 838 1283 865 esse
1300 825 1536 865 orationem

217 900 295 939 pro
319 886 583 938 Euxenippo
614 884 866 924 iamdudum
894 883 1039 924 docuit
1065 882 1362 935 Comparetti;
1394 889 1537 922 utrum

217 950 316 983 ante
338 956 510 984 causam
531 941 897 995 Athenogeneam
921 954 974 981 an
1004 946 1101 993 post
1132 940 1261 990 illam,
1284 953 1368 979 non
1392 939 1536 992 liquet.

219 1001 288 1041 De
332 1006 569 1041 ceterarum
611 999 793 1040 duarum
843 997 1112 1050 temporibus
1153 998 1273 1038 locus
1314 996 1539 1037 dubitandi

194 1070 195 1073 ’
217 1057 358 1098 nullus
380 1065 456 1098 est.
518 1058 650 1097 Anno
667 1068 750 1109 324
773 1062 959 1096 exeunte
981 1055 1048 1095 vel
1071 1067 1154 1109 323
1178 1055 1348 1094 ineunte
1373 1054 1538 1094 Demo-

219 1116 415 1156 sthenem
438 1115 480 1155 in
506 1128 550 1155 re
574 1114 811 1165 Harpalica
828 1113 1043 1154 accusavit
1060 1120 1207 1153 orator
1224 1118 1393 1159 noster;
1426 1125 1539 1151 anno

200 1215 204 1218 ,
221 1184 316 1226 322,
356 1180 454 1226 post
494 1172 764 1212 obsidionem
806 1171 984 1211 Lamiae
1029 1176 1071 1210 et
1119 1170 1343 1210 victoriam
1389 1176 1537 1210 contra

219 1230 492 1270 Leonnatum
508 1229 714 1279 habitam,
729 1234 770 1269 et
789 1233 888 1268 ante
910 1241 1099 1282 pugnam
1123 1228 1238 1280 apud
1263 1226 1538 1267 Crannonem

219 1287 444 1336 infelicem,
469 1287 707 1327 orationem
733 1286 955 1326 funebrem
979 1286 1020 1324 in
1043 1285 1252 1325 honorem
1281 1284 1540 1324 Leosthenis

219 1353 261 1385 et
284 1345 497 1385 sociorum
521 1345 609 1384 eius
634 1343 861 1396 peroravit.
925 1342 1144 1395 Quattuor
1166 1342 1299 1382 ferme
1322 1341 1541 1381 mensibus

218 1409 369 1456 postea
389 1402 575 1455 peractis
592 1408 734 1442 orator
756 1401 847 1453 ipse
863 1401 1036 1441 victoris
1060 1399 1283 1453 Antipatri
1301 1399 1538 1440 vindictam

218 1473 370 1513 passus
402 1466 476 1499 est.

277 1517 451 1558 Praeter
495 1529 572 1556 sex
624 1516 852 1565 orationes,
894 1528 1076 1568 quarum
1129 1528 1257 1555 unam
1316 1515 1541 1567 integram,

220 1581 382 1615 ceteras
406 1588 565 1626 magna
586 1587 642 1614 ex
665 1580 786 1626 parte
816 1579 1006 1614 servatas
1035 1572 1260 1623 habemus,
1283 1572 1433 1612 messis
1455 1585 1540 1611 non

220 1646 353 1686 parva
374 1639 438 1673 est
461 1632 816 1684 fragmentorum,
833 1645 857 1671 a
879 1631 1159 1683 scriptoribus
1182 1630 1276 1670 aliis
1297 1630 1540 1670 citatorum.

223 1689 358 1741 Haec,
381 1703 433 1729 ne
461 1689 593 1729 verba
617 1689 852 1741 Hyperidis
874 1688 960 1728 ulla
986 1688 1196 1738 deessent,
1217 1687 1396 1728 editioni
1420 1700 1543 1727 meae

220 1747 405 1796 subieci;
437 1747 512 1787 sed
534 1746 765 1800 colligendi
789 1745 979 1786 laborem
998 1746 1069 1787 alii
1091 1752 1216 1786 antea
1237 1745 1541 1785 sustinuerunt.

220 1805 439 1845 Numeros
476 1804 816 1856 fragmentorum
850 1804 996 1857 quales
1029 1804 1070 1843 in
1102 1803 1288 1844 editione
1320 1801 1543 1843 Blassiana

220 1862 346 1903 tertia
369 1869 468 1902 sunt
490 1862 645 1902 retinui
667 1875 675 1910 ;
708 1861 748 1901 in
771 1861 1039 1902 orationibus
1068 1861 1245 1914 perditis
1267 1860 1544 1900 numerandis

220 1918 422 1973 (quarum
460 1919 634 1960 nomina
672 1918 900 1971 sexaginta
937 1933 1013 1959 sex
1051 1924 1394 1959 commemorata
1427 1917 1544 1972 sunt)

219 1979 350 2018 etiam
384 1991 463 2017 sex
496 1982 846 2017 conservatarum
880 1977 1090 2017 rationem
1121 1975 1264 2024 habui,
1289 1982 1335 2016 ut
1362 1988 1446 2015 una
1469 1974 1543 2016 fiat

218 2035 359 2076 series.
416 2034 652 2076 Citationes
674 2034 790 2087 ipsas
819 2034 1009 2074 breviter
1036 2033 1294 2086 transcripsi,
1316 2033 1375 2074 ita
1396 2039 1542 2073 tamen

222 2099 267 2132 ut
311 2093 443 2132 verba
482 2092 664 2133 oratoris
706 2091 839 2144 ipsius
882 2090 997 2132 nulla
1037 2091 1343 2144 praeterirem;
1389 2091 1541 2131 eadem

219 2149 349 2190 fusius
372 2150 414 2189 in
436 2149 624 2190 editione
647 2148 865 2190 Blassiana
887 2150 1071 2190 inveniet
1092 2148 1236 2190 lector.
1298 2147 1465 2189 Omnes
1487 2161 1543 2187 ex

219 2208 323 2261 ipsis
343 2207 635 2260 scriptoribus,
659 2207 771 2248 unde
790 2206 969 2248 haustae
991 2213 1102 2256 sunt,
1123 2207 1266 2248 denuo
1288 2206 1479 2259 repetivi.

1281 2280 1325 2321 F.
1351 2279 1402 2319 G.
1427 2279 1485 2319 K.

264 2339 294 2370 S
295 2339 414 2371 cribeba
420 2350 453 2370 m
470 2338 621 2370 Londini

346 2388 432 2429 prid.
452 2388 501 2419 Id.
520 2388 603 2420 Nov.
621 2398 688 2419 A.D.
711 2396 832 2418 mciviw.

855 2455 904 2491 vii
