<?xml version="1.0" encoding="UTF-8"?>
<!DOCTYPE html PUBLIC "-//W3C//DTD XHTML 1.0 Transitional//EN"
    "http://www.w3.org/TR/xhtml1/DTD/xhtml1-transitional.dtd">
<html xmlns="http://www.w3.org/1999/xhtml" xml:lang="en" lang="en">
 <head>
  <title>
</title>
<meta http-equiv="Content-Type" content="text/html;charset=utf-8" />
  <meta name='ocr-system' content='tesseract 3.04.00' />
  <meta name='ocr-capabilities' content='ocr_page ocr_carea ocr_par ocr_line ocrx_word'/>
</head>
<body>
  <div class='ocr_page' id='page_1' title='image "./hyperidisoetfrag00hypeuoft_0010.png"; bbox 0 0 1843 2788; ppageno 0'>
   <div class='ocr_carea' id='block_1_1' title="bbox 683 151 1093 192">
    <p class='ocr_par' dir='ltr' id='par_1_1' title="bbox 683 151 1093 192">
     <span class='ocr_line' id='line_1_1' title="bbox 683 151 1093 192; baseline 0.002 -1"><span class='ocrx_word' id='word_1_1' title='bbox 683 151 1093 192; x_wconf 82' lang='lat' dir='ltr'>PRAEFATIO</span> 
     </span>
    </p>
   </div>
   <div class='ocr_carea' id='block_1_2' title="bbox 228 263 1562 2271">
    <p class='ocr_par' dir='ltr' id='par_1_2' title="bbox 228 263 1551 763">
     <span class='ocr_line' id='line_1_2' title="bbox 230 263 1549 316; baseline -0.002 -11"><span class='ocrx_word' id='word_1_2' title='bbox 230 266 442 305; x_wconf 82' lang='lat' dir='ltr'>viatorum</span> <span class='ocrx_word' id='word_1_3' title='bbox 475 277 677 304; x_wconf 85' lang='lat' dir='ltr'>nummos</span> <span class='ocrx_word' id='word_1_4' title='bbox 708 270 943 316; x_wconf 80' lang='lat' dir='ltr'>captarent,</span> <span class='ocrx_word' id='word_1_5' title='bbox 976 263 1055 303; x_wconf 90' lang='lat' dir='ltr'>hoc</span> <span class='ocrx_word' id='word_1_6' title='bbox 1092 263 1222 303; x_wconf 93' lang='lat' dir='ltr'>modo</span> <span class='ocrx_word' id='word_1_7' title='bbox 1257 270 1352 316; x_wconf 87' lang='lat' dir='ltr'>post</span> <span class='ocrx_word' id='word_1_8' title='bbox 1384 264 1549 316; x_wconf 84' lang='lat' dir='ltr'>aliquot</span> 
     </span>
     <span class='ocr_line' id='line_1_3' title="bbox 231 320 1549 372; baseline -0.002 -10"><span class='ocrx_word' id='word_1_9' title='bbox 231 336 363 362; x_wconf 80' lang='lat' dir='ltr'>annos</span> <span class='ocrx_word' id='word_1_10' title='bbox 397 322 437 361; x_wconf 91' lang='lat' dir='ltr'>in</span> <span class='ocrx_word' id='word_1_11' title='bbox 467 321 687 372; x_wconf 85' lang='lat' dir='ltr'>Europam</span> <span class='ocrx_word' id='word_1_12' title='bbox 716 326 947 369; x_wconf 82' lang='lat' dir='ltr'>venerunt3</span> <span class='ocrx_word' id='word_1_13' title='bbox 980 334 1163 372; x_wconf 89' lang='lat' dir='ltr'>quorum</span> <span class='ocrx_word' id='word_1_14' title='bbox 1196 321 1402 361; x_wconf 84' lang='lat' dir='ltr'><strong>tredecim</strong></span> <span class='ocrx_word' id='word_1_15' title='bbox 1432 320 1549 360; x_wconf 87' lang='lat' dir='ltr'>Pari-</span> 
     </span>
     <span class='ocr_line' id='line_1_4' title="bbox 231 377 1549 430; baseline -0.002 -11"><span class='ocrx_word' id='word_1_16' title='bbox 231 380 303 419; x_wconf 90' lang='lat' dir='ltr'>siis</span> <span class='ocrx_word' id='word_1_17' title='bbox 346 379 387 419; x_wconf 91' lang='lat' dir='ltr'>in</span> <span class='ocrx_word' id='word_1_18' title='bbox 431 392 580 418; x_wconf 90' lang='lat' dir='ltr'>museo</span> <span class='ocrx_word' id='word_1_19' title='bbox 611 378 727 430; x_wconf 91' lang='lat' dir='ltr'>quod</span> <span class='ocrx_word' id='word_1_20' title='bbox 772 378 811 417; x_wconf 93' lang='lat' dir='ltr'>le</span> <span class='ocrx_word' id='word_1_21' title='bbox 844 377 1017 417; x_wconf 87' lang='lat' dir='ltr'>Louvre</span> <span class='ocrx_word' id='word_1_22' title='bbox 1057 385 1329 430; x_wconf 88' lang='lat' dir='ltr'>nuncupatur</span> <span class='ocrx_word' id='word_1_23' title='bbox 1369 383 1549 426; x_wconf 84' lang='lat' dir='ltr'>servata,</span> 
     </span>
     <span class='ocr_line' id='line_1_5' title="bbox 230 433 1550 489; baseline -0.001 -13"><span class='ocrx_word' id='word_1_24' title='bbox 230 436 285 476; x_wconf 84' lang='lat' dir='ltr'>ab</span> <span class='ocrx_word' id='word_1_25' title='bbox 327 436 500 489; x_wconf 91' lang='lat' dir='ltr'>Eggero</span> <span class='ocrx_word' id='word_1_26' title='bbox 541 435 659 476; x_wconf 91' lang='lat' dir='ltr'>edita</span> <span class='ocrx_word' id='word_1_27' title='bbox 699 441 796 474; x_wconf 86' lang='lat' dir='ltr'>sunt</span> <span class='ocrx_word' id='word_1_28' title='bbox 835 433 1037 487; x_wconf 78' lang='lat'>(1868¹);</span> <span class='ocrx_word' id='word_1_29' title='bbox 1088 448 1166 475; x_wconf 83' lang='lat' dir='ltr'>sex</span> <span class='ocrx_word' id='word_1_30' title='bbox 1209 436 1251 475; x_wconf 92' lang='lat' dir='ltr'>in</span> <span class='ocrx_word' id='word_1_31' title='bbox 1286 434 1550 475; x_wconf 79' lang='lat' dir='ltr'>bibliotheca</span> 
     </span>
     <span class='ocr_line' id='line_1_6' title="bbox 229 491 1550 545; baseline -0.002 -12"><span class='ocrx_word' id='word_1_32' title='bbox 229 493 403 534; x_wconf 85' lang='lat' dir='ltr'>scholae</span> <span class='ocrx_word' id='word_1_33' title='bbox 417 493 535 545; x_wconf 85' lang='lat' dir='ltr'>apud</span> <span class='ocrx_word' id='word_1_34' title='bbox 553 491 723 533; x_wconf 87' lang='lat' dir='ltr'>Rossall</span> <span class='ocrx_word' id='word_1_35' title='bbox 744 492 786 531; x_wconf 92' lang='lat' dir='ltr'>in</span> <span class='ocrx_word' id='word_1_36' title='bbox 801 491 964 544; x_wconf 87' lang='lat' dir='ltr'>Anglia</span> <span class='ocrx_word' id='word_1_37' title='bbox 981 500 1299 540; x_wconf 80' lang='lat' dir='ltr'>conservantur,</span> <span class='ocrx_word' id='word_1_38' title='bbox 1316 506 1340 533; x_wconf 89' lang='lat' dir='ltr'>a</span> <span class='ocrx_word' id='word_1_39' title='bbox 1355 505 1424 532; x_wconf 92' lang='lat' dir='ltr'>me</span> <span class='ocrx_word' id='word_1_40' title='bbox 1438 505 1550 532; x_wconf 86' lang='lat' dir='ltr'>anno</span> 
     </span>
     <span class='ocr_line' id='line_1_7' title="bbox 233 548 1549 603; baseline -0.001 -14"><span class='ocrx_word' id='word_1_41' title='bbox 233 564 246 589; x_wconf 89' lang='lat'>1</span> <span class='ocrx_word' id='word_1_42' title='bbox 260 550 339 603; x_wconf 83' lang='grc'>898</span> <span class='ocrx_word' id='word_1_43' title='bbox 355 550 516 600; x_wconf 82' lang='lat' dir='ltr'>edita2;</span> <span class='ocrx_word' id='word_1_44' title='bbox 545 556 752 602; x_wconf 85' lang='lat' dir='ltr'>quattuor</span> <span class='ocrx_word' id='word_1_45' title='bbox 766 549 808 588; x_wconf 91' lang='lat' dir='ltr'>in</span> <span class='ocrx_word' id='word_1_46' title='bbox 823 548 964 589; x_wconf 87' lang='lat' dir='ltr'>rotulo</span> <span class='ocrx_word' id='word_1_47' title='bbox 977 548 1135 590; x_wconf 89' lang='lat' dir='ltr'>ficticio</span> <span class='ocrx_word' id='word_1_48' title='bbox 1148 550 1202 589; x_wconf 88' lang='lat' dir='ltr'>ab</span> <span class='ocrx_word' id='word_1_49' title='bbox 1219 549 1271 590; x_wconf 90' lang='lat' dir='ltr'>O.</span> <span class='ocrx_word' id='word_1_50' title='bbox 1290 548 1336 590; x_wconf 91' lang='lat' dir='ltr'>C.</span> <span class='ocrx_word' id='word_1_51' title='bbox 1354 548 1549 602; x_wconf 85' lang='lat' dir='ltr'>Raphael</span> 
     </span>
     <span class='ocr_line' id='line_1_8' title="bbox 229 606 1550 661; baseline -0.001 -13"><span class='ocrx_word' id='word_1_52' title='bbox 229 614 399 661; x_wconf 89' lang='lat' dir='ltr'>reperto</span> <span class='ocrx_word' id='word_1_53' title='bbox 430 606 737 660; x_wconf 81' lang='lat' dir='ltr'>conglutinata,</span> <span class='ocrx_word' id='word_1_54' title='bbox 767 621 792 647; x_wconf 88' lang='lat' dir='ltr'>a</span> <span class='ocrx_word' id='word_1_55' title='bbox 828 619 896 646; x_wconf 93' lang='lat' dir='ltr'>me</span> <span class='ocrx_word' id='word_1_56' title='bbox 933 607 1094 658; x_wconf 85' lang='lat' dir='ltr'>agnita,</span> <span class='ocrx_word' id='word_1_57' title='bbox 1128 607 1170 646; x_wconf 88' lang='lat' dir='ltr'>in</span> <span class='ocrx_word' id='word_1_58' title='bbox 1206 607 1393 647; x_wconf 86' lang='lat' dir='ltr'>editione</span> <span class='ocrx_word' id='word_1_59' title='bbox 1427 606 1550 647; x_wconf 85' lang='lat' dir='ltr'>Blas-</span> 
     </span>
     <span class='ocr_line' id='line_1_9' title="bbox 228 663 1551 719; baseline -0.001 -14"><span class='ocrx_word' id='word_1_60' title='bbox 228 667 347 705; x_wconf 83' lang='lat' dir='ltr'>siana</span> <span class='ocrx_word' id='word_1_61' title='bbox 361 666 488 706; x_wconf 86' lang='lat' dir='ltr'>tertia</span> <span class='ocrx_word' id='word_1_62' title='bbox 505 663 652 719; x_wconf 80' lang='lat'>(1894)</span> <span class='ocrx_word' id='word_1_63' title='bbox 669 663 831 716; x_wconf 89' lang='lat' dir='ltr'>publici</span> <span class='ocrx_word' id='word_1_64' title='bbox 849 664 948 703; x_wconf 89' lang='lat' dir='ltr'>iuris</span> <span class='ocrx_word' id='word_1_65' title='bbox 963 663 1086 713; x_wconf 78' lang='lat' dir='ltr'>facta,</span> <span class='ocrx_word' id='word_1_66' title='bbox 1101 664 1157 704; x_wconf 87' lang='lat' dir='ltr'>ab</span> <span class='ocrx_word' id='word_1_67' title='bbox 1174 678 1225 704; x_wconf 95' lang='lat' dir='ltr'>eo</span> <span class='ocrx_word' id='word_1_68' title='bbox 1243 665 1316 717; x_wconf 92' lang='lat' dir='ltr'>qui</span> <span class='ocrx_word' id='word_1_69' title='bbox 1333 665 1551 704; x_wconf 88' lang='lat' dir='ltr'>invenerat</span> 
     </span>
     <span class='ocr_line' id='line_1_10' title="bbox 232 722 977 763; baseline -0.004 0"><span class='ocrx_word' id='word_1_70' title='bbox 232 724 385 763; x_wconf 83' lang='lat' dir='ltr'>Museo</span> <span class='ocrx_word' id='word_1_71' title='bbox 410 722 662 762; x_wconf 84' lang='lat' dir='ltr'>Britannico</span> <span class='ocrx_word' id='word_1_72' title='bbox 684 722 844 762; x_wconf 88' lang='lat' dir='ltr'>tradita</span> <span class='ocrx_word' id='word_1_73' title='bbox 865 727 977 761; x_wconf 88' lang='lat' dir='ltr'>sunt.</span> 
     </span>
    </p>

    <p class='ocr_par' dir='ltr' id='par_1_3' title="bbox 228 775 1554 1340">
     <span class='ocr_line' id='line_1_11' title="bbox 285 775 1549 832; baseline -0.004 -9"><span class='ocrx_word' id='word_1_74' title='bbox 285 777 333 824; x_wconf 68' lang='grc' dir='ltr'>ἓ.</span> <span class='ocrx_word' id='word_1_75' title='bbox 369 779 652 821; x_wconf 84' lang='lat' dir='ltr'>Londinensis</span> <span class='ocrx_word' id='word_1_76' title='bbox 665 779 793 826; x_wconf 82' lang='lat' dir='ltr'>(Mus.</span> <span class='ocrx_word' id='word_1_77' title='bbox 804 778 907 818; x_wconf 86' lang='lat' dir='ltr'>Brit.</span> <span class='ocrx_word' id='word_1_78' title='bbox 918 778 1022 832; x_wconf 87' lang='lat' dir='ltr'>Pap.</span> <span class='ocrx_word' id='word_1_79' title='bbox 1038 775 1136 830; x_wconf 78' lang='lat'>134)</span> <span class='ocrx_word' id='word_1_80' title='bbox 1147 778 1383 819; x_wconf 87' lang='lat' dir='ltr'>orationem</span> <span class='ocrx_word' id='word_1_81' title='bbox 1400 778 1441 818; x_wconf 90' lang='lat' dir='ltr'>in</span> <span class='ocrx_word' id='word_1_82' title='bbox 1452 778 1549 818; x_wconf 91' lang='lat' dir='ltr'>Phi-</span> 
     </span>
     <span class='ocr_line' id='line_1_12' title="bbox 231 835 1552 891; baseline -0.002 -13"><span class='ocrx_word' id='word_1_83' title='bbox 231 838 451 891; x_wconf 81' lang='lat' dir='ltr'>lippidem,</span> <span class='ocrx_word' id='word_1_84' title='bbox 474 837 614 890; x_wconf 87' lang='lat' dir='ltr'>qualis</span> <span class='ocrx_word' id='word_1_85' title='bbox 637 850 747 876; x_wconf 89' lang='lat' dir='ltr'>nunc</span> <span class='ocrx_word' id='word_1_86' title='bbox 775 843 932 883; x_wconf 83' lang='lat' dir='ltr'>exstat,</span> <span class='ocrx_word' id='word_1_87' title='bbox 957 848 1111 875; x_wconf 86' lang='lat' dir='ltr'>novem</span> <span class='ocrx_word' id='word_1_88' title='bbox 1140 835 1302 876; x_wconf 91' lang='lat' dir='ltr'>scilicet</span> <span class='ocrx_word' id='word_1_89' title='bbox 1329 836 1552 876; x_wconf 90' lang='lat' dir='ltr'>columnas</span> 
     </span>
     <span class='ocr_line' id='line_1_13' title="bbox 231 893 1552 948; baseline -0.003 -12"><span class='ocrx_word' id='word_1_90' title='bbox 231 903 469 948; x_wconf 86' lang='lat' dir='ltr'>postremas</span> <span class='ocrx_word' id='word_1_91' title='bbox 492 908 589 934; x_wconf 91' lang='lat' dir='ltr'>cum</span> <span class='ocrx_word' id='word_1_92' title='bbox 619 894 766 934; x_wconf 90' lang='lat' dir='ltr'>multis</span> <span class='ocrx_word' id='word_1_93' title='bbox 799 893 1050 947; x_wconf 80' lang='lat' dir='ltr'>fragmentis</span> <span class='ocrx_word' id='word_1_94' title='bbox 1072 894 1204 933; x_wconf 86' lang='lat' dir='ltr'>etiam</span> <span class='ocrx_word' id='word_1_95' title='bbox 1236 893 1369 946; x_wconf 86' lang='lat' dir='ltr'>partis</span> <span class='ocrx_word' id='word_1_96' title='bbox 1398 893 1552 945; x_wconf 91' lang='lat' dir='ltr'>prioris</span> 
     </span>
     <span class='ocr_line' id='line_1_14' title="bbox 228 951 1552 1003; baseline -0.002 -10"><span class='ocrx_word' id='word_1_97' title='bbox 228 954 429 993; x_wconf 90' lang='lat' dir='ltr'>continet.</span> <span class='ocrx_word' id='word_1_98' title='bbox 491 952 662 992; x_wconf 83' lang='lat' dir='ltr'>Textus</span> <span class='ocrx_word' id='word_1_99' title='bbox 684 965 708 991; x_wconf 91' lang='lat' dir='ltr'>a</span> <span class='ocrx_word' id='word_1_100' title='bbox 731 965 799 991; x_wconf 90' lang='lat' dir='ltr'>me</span> <span class='ocrx_word' id='word_1_101' title='bbox 831 951 972 1003; x_wconf 92' lang='lat' dir='ltr'>primo</span> <span class='ocrx_word' id='word_1_102' title='bbox 995 951 1135 991; x_wconf 90' lang='lat' dir='ltr'>editus</span> <span class='ocrx_word' id='word_1_103' title='bbox 1167 957 1242 999; x_wconf 90' lang='lat' dir='ltr'>est,</span> <span class='ocrx_word' id='word_1_104' title='bbox 1265 951 1307 991; x_wconf 89' lang='lat' dir='ltr'>in</span> <span class='ocrx_word' id='word_1_105' title='bbox 1342 951 1451 991; x_wconf 91' lang='lat' dir='ltr'>libro</span> <span class='ocrx_word' id='word_1_106' title='bbox 1479 951 1552 1003; x_wconf 93' lang='lat' dir='ltr'>qui</span> 
     </span>
     <span class='ocr_line' id='line_1_15' title="bbox 237 1007 1553 1062; baseline -0.004 -10"><span class='ocrx_word' id='word_1_107' title='bbox 237 1009 447 1052; x_wconf 80' lang='lat' dir='ltr'>Classical</span> <span class='ocrx_word' id='word_1_108' title='bbox 481 1009 519 1049; x_wconf 85' lang='lat' dir='ltr'><em>T</em></span> <span class='ocrx_word' id='word_1_109' title='bbox 517 1017 609 1051; x_wconf 53' lang='grc' dir='ltr'>(πίε</span> <span class='ocrx_word' id='word_1_110' title='bbox 628 1010 753 1062; x_wconf 66' lang='lat' dir='ltr'>from</span> <span class='ocrx_word' id='word_1_111' title='bbox 783 1009 952 1061; x_wconf 73' lang='lat' dir='ltr'>Papyri</span> <span class='ocrx_word' id='word_1_112' title='bbox 981 1009 1025 1048; x_wconf 71' lang='lat' dir='ltr'>itt</span> <span class='ocrx_word' id='word_1_113' title='bbox 1049 1007 1117 1049; x_wconf 64' lang='lat' dir='ltr'>llic</span> <span class='ocrx_word' id='word_1_114' title='bbox 1148 1007 1318 1049; x_wconf 70' lang='lat' dir='ltr'>Brz&#39;lz&#39;slc</span> <span class='ocrx_word' id='word_1_115' title='bbox 1351 1008 1411 1047; x_wconf 82' lang='lat' dir='ltr'><em>M</em></span> <span class='ocrx_word' id='word_1_116' title='bbox 1409 1021 1553 1048; x_wconf 73' lang='lat' dir='ltr'>meum</span> 
     </span>
     <span class='ocr_line' id='line_1_16' title="bbox 232 1065 1554 1122; baseline -0.003 -14"><span class='ocrx_word' id='word_1_117' title='bbox 232 1074 504 1122; x_wconf 87' lang='lat' dir='ltr'>nuncupatur</span> <span class='ocrx_word' id='word_1_118' title='bbox 521 1068 666 1119; x_wconf 86' lang='lat'>(1891)</span> <span class='ocrx_word' id='word_1_119' title='bbox 687 1081 695 1115; x_wconf 80' lang='lat'><em>3</em></span> <span class='ocrx_word' id='word_1_120' title='bbox 719 1067 942 1107; x_wconf 89' lang='lat' dir='ltr'>ediderunt</span> <span class='ocrx_word' id='word_1_121' title='bbox 968 1072 1116 1118; x_wconf 85' lang='lat' dir='ltr'>postea</span> <span class='ocrx_word' id='word_1_122' title='bbox 1135 1065 1257 1106; x_wconf 90' lang='lat' dir='ltr'>Weil.</span> <span class='ocrx_word' id='word_1_123' title='bbox 1274 1065 1554 1109; x_wconf 67' lang='lat' dir='ltr'>Hem-erden,</span> 
     </span>
     <span class='ocr_line' id='line_1_17' title="bbox 233 1123 1552 1179; baseline -0.003 -13"><span class='ocrx_word' id='word_1_124' title='bbox 233 1126 351 1166; x_wconf 85' lang='lat' dir='ltr'>Blass</span> <span class='ocrx_word' id='word_1_125' title='bbox 385 1124 500 1179; x_wconf 84' lang='lat' dir='ltr'>(bis),</span> <span class='ocrx_word' id='word_1_126' title='bbox 535 1138 617 1178; x_wconf 90' lang='lat' dir='ltr'>ego</span> <span class='ocrx_word' id='word_1_127' title='bbox 655 1125 823 1164; x_wconf 91' lang='lat' dir='ltr'>iterum.</span> <span class='ocrx_word' id='word_1_128' title='bbox 890 1124 1088 1172; x_wconf 89' lang='lat' dir='ltr'>Rotulus,</span> <span class='ocrx_word' id='word_1_129' title='bbox 1122 1130 1168 1163; x_wconf 85' lang='lat' dir='ltr'>ut</span> <span class='ocrx_word' id='word_1_130' title='bbox 1205 1123 1389 1172; x_wconf 84' lang='lat' dir='ltr'>videtur,</span> <span class='ocrx_word' id='word_1_131' title='bbox 1426 1123 1552 1176; x_wconf 92' lang='lat' dir='ltr'>primi</span> 
     </span>
     <span class='ocr_line' id='line_1_18' title="bbox 230 1179 1552 1233; baseline -0.002 -10"><span class='ocrx_word' id='word_1_132' title='bbox 230 1190 330 1223; x_wconf 81' lang='lat' dir='ltr'>ante</span> <span class='ocrx_word' id='word_1_133' title='bbox 362 1182 584 1223; x_wconf 82' lang='lat' dir='ltr'>Christum</span> <span class='ocrx_word' id='word_1_134' title='bbox 614 1188 764 1222; x_wconf 86' lang='lat' dir='ltr'>natum</span> <span class='ocrx_word' id='word_1_135' title='bbox 797 1181 955 1222; x_wconf 87' lang='lat' dir='ltr'>saeculi</span> <span class='ocrx_word' id='word_1_136' title='bbox 991 1187 1069 1229; x_wconf 86' lang='lat' dir='ltr'>est,</span> <span class='ocrx_word' id='word_1_137' title='bbox 1091 1181 1202 1221; x_wconf 90' lang='lat' dir='ltr'>belle</span> <span class='ocrx_word' id='word_1_138' title='bbox 1234 1181 1434 1233; x_wconf 82' lang='lat' dir='ltr'>scriptus,</span> <span class='ocrx_word' id='word_1_139' title='bbox 1454 1179 1552 1220; x_wconf 89' lang='lat' dir='ltr'>fidei</span> 
     </span>
     <span class='ocr_line' id='line_1_19' title="bbox 231 1238 1554 1291; baseline -0.002 -10"><span class='ocrx_word' id='word_1_140' title='bbox 231 1241 382 1281; x_wconf 83' lang='lat' dir='ltr'>bonae.</span> <span class='ocrx_word' id='word_1_141' title='bbox 446 1241 495 1280; x_wconf 90' lang='lat' dir='ltr'>In</span> <span class='ocrx_word' id='word_1_142' title='bbox 529 1240 682 1280; x_wconf 92' lang='lat' dir='ltr'>eodem</span> <span class='ocrx_word' id='word_1_143' title='bbox 716 1239 856 1279; x_wconf 91' lang='lat' dir='ltr'>rotulo</span> <span class='ocrx_word' id='word_1_144' title='bbox 889 1238 1048 1291; x_wconf 84' lang='lat' dir='ltr'>scripta</span> <span class='ocrx_word' id='word_1_145' title='bbox 1079 1245 1141 1278; x_wconf 83' lang='lat' dir='ltr'>est</span> <span class='ocrx_word' id='word_1_146' title='bbox 1178 1238 1360 1291; x_wconf 88' lang='lat' dir='ltr'>epistola</span> <span class='ocrx_word' id='word_1_147' title='bbox 1392 1238 1554 1278; x_wconf 89' lang='lat' dir='ltr'>Demo-</span> 
     </span>
     <span class='ocr_line' id='line_1_20' title="bbox 230 1296 913 1345; baseline -0.003 -7"><span class='ocrx_word' id='word_1_148' title='bbox 230 1298 390 1340; x_wconf 86' lang='lat' dir='ltr'>sthenis</span> <span class='ocrx_word' id='word_1_149' title='bbox 410 1298 549 1345; x_wconf 80' lang='lat' dir='ltr'>teitia,</span> <span class='ocrx_word' id='word_1_150' title='bbox 571 1298 643 1338; x_wconf 90' lang='lat' dir='ltr'>sed</span> <span class='ocrx_word' id='word_1_151' title='bbox 667 1296 750 1336; x_wconf 87' lang='lat' dir='ltr'>alia</span> <span class='ocrx_word' id='word_1_152' title='bbox 773 1310 913 1336; x_wconf 87' lang='lat' dir='ltr'>manu.</span> 
     </span>
    </p>

    <p class='ocr_par' dir='ltr' id='par_1_4' title="bbox 232 1352 1559 2042">
     <span class='ocr_line' id='line_1_21' title="bbox 291 1352 1552 1409; baseline -0.005 -13"><span class='ocrx_word' id='word_1_153' title='bbox 291 1357 347 1409; x_wconf 70' lang='grc' dir='ltr'>φ.</span> <span class='ocrx_word' id='word_1_154' title='bbox 383 1356 610 1403; x_wconf 82' lang='lat' dir='ltr'>Parisinus,</span> <span class='ocrx_word' id='word_1_155' title='bbox 633 1355 748 1407; x_wconf 87' lang='lat' dir='ltr'>apud</span> <span class='ocrx_word' id='word_1_156' title='bbox 775 1366 970 1394; x_wconf 90' lang='lat' dir='ltr'>museum</span> <span class='ocrx_word' id='word_1_157' title='bbox 1003 1353 1041 1392; x_wconf 91' lang='lat' dir='ltr'>le</span> <span class='ocrx_word' id='word_1_158' title='bbox 1066 1352 1237 1392; x_wconf 80' lang='lat' dir='ltr'>Louvie</span> <span class='ocrx_word' id='word_1_159' title='bbox 1266 1357 1552 1392; x_wconf 79' lang='lat' dir='ltr'>conservatus.</span> 
     </span>
     <span class='ocr_line' id='line_1_22' title="bbox 233 1409 1553 1463; baseline -0.005 -9"><span class='ocrx_word' id='word_1_160' title='bbox 233 1412 437 1454; x_wconf 87' lang='lat' dir='ltr'>Continet</span> <span class='ocrx_word' id='word_1_161' title='bbox 481 1412 683 1454; x_wconf 84' lang='lat' dir='ltr'>orationis</span> <span class='ocrx_word' id='word_1_162' title='bbox 726 1412 767 1451; x_wconf 90' lang='lat' dir='ltr'>in</span> <span class='ocrx_word' id='word_1_163' title='bbox 815 1411 1148 1463; x_wconf 86' lang='lat' dir='ltr'>Athenogenem</span> <span class='ocrx_word' id='word_1_164' title='bbox 1192 1409 1344 1461; x_wconf 87' lang='lat' dir='ltr'>prioris</span> <span class='ocrx_word' id='word_1_165' title='bbox 1386 1414 1553 1461; x_wconf 86' lang='lat' dir='ltr'>partem</span> 
     </span>
     <span class='ocr_line' id='line_1_23' title="bbox 233 1466 1555 1523; baseline -0.005 -12"><span class='ocrx_word' id='word_1_166' title='bbox 233 1484 450 1523; x_wconf 81' lang='lat' dir='ltr'>magnam,</span> <span class='ocrx_word' id='word_1_167' title='bbox 493 1471 603 1510; x_wconf 89' lang='lat' dir='ltr'>bene</span> <span class='ocrx_word' id='word_1_168' title='bbox 643 1470 862 1521; x_wconf 80' lang='lat' dir='ltr'>sciiptam‚</span> <span class='ocrx_word' id='word_1_169' title='bbox 903 1467 1061 1509; x_wconf 88' lang='lat' dir='ltr'>saeculi</span> <span class='ocrx_word' id='word_1_170' title='bbox 1102 1481 1140 1507; x_wconf 85' lang='lat' dir='ltr'>a</span> <span class='ocrx_word' id='word_1_171' title='bbox 1193 1466 1240 1507; x_wconf 91' lang='lat' dir='ltr'>C.</span> <span class='ocrx_word' id='word_1_172' title='bbox 1281 1466 1469 1514; x_wconf 83' lang='lat' dir='ltr'>alterius,</span> <span class='ocrx_word' id='word_1_173' title='bbox 1510 1472 1555 1506; x_wconf 91' lang='lat' dir='ltr'>ut</span> 
     </span>
     <span class='ocr_line' id='line_1_24' title="bbox 232 1523 1556 1580; baseline -0.005 -11"><span class='ocrx_word' id='word_1_174' title='bbox 232 1529 411 1569; x_wconf 82' lang='lat' dir='ltr'>videtur.</span> <span class='ocrx_word' id='word_1_175' title='bbox 496 1528 717 1580; x_wconf 83' lang='lat' dir='ltr'>Ectypum</span> <span class='ocrx_word' id='word_1_176' title='bbox 759 1528 889 1567; x_wconf 85' lang='lat' dir='ltr'>totius</span> <span class='ocrx_word' id='word_1_177' title='bbox 932 1524 1057 1566; x_wconf 89' lang='lat' dir='ltr'>rotuli</span> <span class='ocrx_word' id='word_1_178' title='bbox 1110 1524 1322 1576; x_wconf 89' lang='lat' dir='ltr'>optimum</span> <span class='ocrx_word' id='word_1_179' title='bbox 1364 1523 1556 1577; x_wconf 80' lang='lat' dir='ltr'>vulgavit</span> 
     </span>
     <span class='ocr_line' id='line_1_25' title="bbox 235 1581 1557 1637; baseline -0.004 -12"><span class='ocrx_word' id='word_1_180' title='bbox 235 1586 285 1626; x_wconf 88' lang='lat' dir='ltr'>E.</span> <span class='ocrx_word' id='word_1_181' title='bbox 333 1585 568 1636; x_wconf 86' lang='lat' dir='ltr'>Revillout‚</span> <span class='ocrx_word' id='word_1_182' title='bbox 610 1586 810 1637; x_wconf 88' lang='lat' dir='ltr'>idemque</span> <span class='ocrx_word' id='word_1_183' title='bbox 857 1590 1028 1624; x_wconf 79' lang='lat' dir='ltr'>textum</span> <span class='ocrx_word' id='word_1_184' title='bbox 1082 1582 1282 1633; x_wconf 85' lang='lat' dir='ltr'>restituit,</span> <span class='ocrx_word' id='word_1_185' title='bbox 1325 1581 1557 1622; x_wconf 85' lang='lat' dir='ltr'>adiuvante</span> 
     </span>
     <span class='ocr_line' id='line_1_26' title="bbox 238 1637 1556 1696; baseline -0.003 -14"><span class='ocrx_word' id='word_1_186' title='bbox 238 1643 427 1684; x_wconf 89' lang='lat' dir='ltr'>Henrico</span> <span class='ocrx_word' id='word_1_187' title='bbox 444 1643 565 1683; x_wconf 86' lang='lat' dir='ltr'>Diels</span> <span class='ocrx_word' id='word_1_188' title='bbox 581 1641 726 1696; x_wconf 76' lang='lat'>(1892)</span> <span class='ocrx_word' id='word_1_189' title='bbox 748 1655 755 1690; x_wconf 89' lang='lat'><strong>;</strong></span> <span class='ocrx_word' id='word_1_190' title='bbox 779 1648 877 1694; x_wconf 84' lang='lat' dir='ltr'>post</span> <span class='ocrx_word' id='word_1_191' title='bbox 898 1654 995 1681; x_wconf 89' lang='lat' dir='ltr'>eum</span> <span class='ocrx_word' id='word_1_192' title='bbox 1008 1639 1143 1681; x_wconf 91' lang='lat' dir='ltr'>edidit</span> <span class='ocrx_word' id='word_1_193' title='bbox 1163 1639 1218 1680; x_wconf 92' lang='lat' dir='ltr'>H.</span> <span class='ocrx_word' id='word_1_194' title='bbox 1237 1638 1351 1679; x_wconf 90' lang='lat' dir='ltr'>Weil</span> <span class='ocrx_word' id='word_1_195' title='bbox 1368 1637 1556 1691; x_wconf 81' lang='lat' dir='ltr'>(papyro</span> 
     </span>
     <span class='ocr_line' id='line_1_27' title="bbox 234 1698 1557 1750; baseline -0.005 -9"><span class='ocrx_word' id='word_1_196' title='bbox 234 1703 385 1742; x_wconf 89' lang='lat' dir='ltr'>iterum</span> <span class='ocrx_word' id='word_1_197' title='bbox 407 1716 432 1742; x_wconf 88' lang='lat' dir='ltr'>a</span> <span class='ocrx_word' id='word_1_198' title='bbox 459 1701 692 1741; x_wconf 89' lang='lat' dir='ltr'>Theodoro</span> <span class='ocrx_word' id='word_1_199' title='bbox 727 1699 922 1740; x_wconf 82' lang='lat' dir='ltr'>Reinach</span> <span class='ocrx_word' id='word_1_200' title='bbox 961 1698 1228 1750; x_wconf 90' lang='lat' dir='ltr'>recognito),</span> <span class='ocrx_word' id='word_1_201' title='bbox 1220 1711 1227 1718; x_wconf 95' lang='lat'><em>·</em></span> <span class='ocrx_word' id='word_1_202' title='bbox 1265 1702 1357 1736; x_wconf 86' lang='lat' dir='ltr'>tum</span> <span class='ocrx_word' id='word_1_203' title='bbox 1383 1698 1557 1750; x_wconf 90' lang='lat' dir='ltr'>(ectypo</span> 
     </span>
     <span class='ocr_line' id='line_1_28' title="bbox 233 1754 1558 1810; baseline -0.004 -11"><span class='ocrx_word' id='word_1_204' title='bbox 233 1759 372 1800; x_wconf 84' lang='lat' dir='ltr'>solum</span> <span class='ocrx_word' id='word_1_205' title='bbox 395 1758 476 1810; x_wconf 84' lang='lat' dir='ltr'>usi)</span> <span class='ocrx_word' id='word_1_206' title='bbox 506 1758 627 1799; x_wconf 87' lang='lat' dir='ltr'>Blass</span> <span class='ocrx_word' id='word_1_207' title='bbox 649 1764 692 1798; x_wconf 91' lang='lat' dir='ltr'>et</span> <span class='ocrx_word' id='word_1_208' title='bbox 714 1771 808 1810; x_wconf 91' lang='lat' dir='ltr'>ego.</span> <span class='ocrx_word' id='word_1_209' title='bbox 872 1757 923 1796; x_wconf 92' lang='lat' dir='ltr'>In</span> <span class='ocrx_word' id='word_1_210' title='bbox 944 1755 1181 1796; x_wconf 88' lang='lat' dir='ltr'>subsidium</span> <span class='ocrx_word' id='word_1_211' title='bbox 1214 1754 1339 1794; x_wconf 88' lang='lat' dir='ltr'>huius</span> <span class='ocrx_word' id='word_1_212' title='bbox 1361 1754 1558 1795; x_wconf 87' lang='lat' dir='ltr'>editionis</span> 
     </span>
     <span class='ocr_line' id='line_1_29' title="bbox 235 1810 1559 1882; baseline -0.005 -24"><span class='ocrx_word' id='word_1_213' title='bbox 235 1830 450 1882; x_wconf 81' lang='lat' dir='ltr'>papy1um</span> <span class='ocrx_word' id='word_1_214' title='bbox 485 1816 626 1868; x_wconf 90' lang='lat' dir='ltr'>ipsum</span> <span class='ocrx_word' id='word_1_215' title='bbox 650 1815 824 1866; x_wconf 84' lang='lat' dir='ltr'>contuli,</span> <span class='ocrx_word' id='word_1_216' title='bbox 846 1827 1001 1868; x_wconf 81' lang='lat' dir='ltr'>opeiae</span> <span class='ocrx_word' id='word_1_217' title='bbox 1032 1813 1217 1865; x_wconf 84' lang='lat' dir='ltr'>benigne</span> <span class='ocrx_word' id='word_1_218' title='bbox 1240 1811 1482 1852; x_wconf 85' lang='lat' dir='ltr'>faventibus</span> <span class='ocrx_word' id='word_1_219' title='bbox 1511 1810 1559 1850; x_wconf 84' lang='lat' dir='ltr'>iis</span> 
     </span>
     <span class='ocr_line' id='line_1_30' title="bbox 234 1868 1558 1927; baseline -0.005 -13"><span class='ocrx_word' id='word_1_220' title='bbox 234 1876 308 1927; x_wconf 84' lang='lat' dir='ltr'>qui</span> <span class='ocrx_word' id='word_1_221' title='bbox 327 1887 425 1914; x_wconf 90' lang='lat' dir='ltr'>eum</span> <span class='ocrx_word' id='word_1_222' title='bbox 441 1874 700 1915; x_wconf 88' lang='lat' dir='ltr'>custodiunt.</span> <span class='ocrx_word' id='word_1_223' title='bbox 763 1873 994 1913; x_wconf 90' lang='lat' dir='ltr'>Lectiones</span> <span class='ocrx_word' id='word_1_224' title='bbox 1013 1869 1240 1911; x_wconf 83' lang='lat' dir='ltr'>nonnullas</span> <span class='ocrx_word' id='word_1_225' title='bbox 1261 1870 1409 1910; x_wconf 85' lang='lat' dir='ltr'>animo</span> <span class='ocrx_word' id='word_1_226' title='bbox 1432 1868 1558 1909; x_wconf 89' lang='lat' dir='ltr'>liber-</span> 
     </span>
     <span class='ocr_line' id='line_1_31' title="bbox 235 1926 1559 1981; baseline -0.005 -9"><span class='ocrx_word' id='word_1_227' title='bbox 235 1931 301 1981; x_wconf 81' lang='lat' dir='ltr'>ali,</span> <span class='ocrx_word' id='word_1_228' title='bbox 327 1938 374 1972; x_wconf 92' lang='lat' dir='ltr'>ut</span> <span class='ocrx_word' id='word_1_229' title='bbox 403 1945 495 1972; x_wconf 91' lang='lat' dir='ltr'>mos</span> <span class='ocrx_word' id='word_1_230' title='bbox 513 1932 603 1972; x_wconf 89' lang='lat' dir='ltr'>eius</span> <span class='ocrx_word' id='word_1_231' title='bbox 626 1938 704 1981; x_wconf 88' lang='lat' dir='ltr'>est,</span> <span class='ocrx_word' id='word_1_232' title='bbox 722 1943 891 1970; x_wconf 91' lang='lat' dir='ltr'>mecum</span> <span class='ocrx_word' id='word_1_233' title='bbox 909 1928 1248 1970; x_wconf 88' lang='lat' dir='ltr'>communicavit</span> <span class='ocrx_word' id='word_1_234' title='bbox 1270 1926 1485 1980; x_wconf 86' lang='lat' dir='ltr'>Seymour</span> <span class='ocrx_word' id='word_1_235' title='bbox 1506 1927 1559 1967; x_wconf 92' lang='lat' dir='ltr'>de</span> 
     </span>
     <span class='ocr_line' id='line_1_32' title="bbox 239 1985 1387 2042; baseline -0.004 -14"><span class='ocrx_word' id='word_1_236' title='bbox 239 1989 372 2040; x_wconf 90' lang='lat' dir='ltr'>Ricci,</span> <span class='ocrx_word' id='word_1_237' title='bbox 394 1989 466 2042; x_wconf 90' lang='lat' dir='ltr'>qui</span> <span class='ocrx_word' id='word_1_238' title='bbox 489 1996 630 2030; x_wconf 88' lang='lat' dir='ltr'>totum</span> <span class='ocrx_word' id='word_1_239' title='bbox 655 2001 870 2041; x_wconf 89' lang='lat' dir='ltr'>papyrum</span> <span class='ocrx_word' id='word_1_240' title='bbox 893 1987 1123 2039; x_wconf 89' lang='lat' dir='ltr'>diligenter</span> <span class='ocrx_word' id='word_1_241' title='bbox 1145 1985 1387 2037; x_wconf 83' lang='lat' dir='ltr'>exscripsit.</span> 
     </span>
    </p>

    <p class='ocr_par' dir='ltr' id='par_1_5' title="bbox 236 2041 1562 2271">
     <span class='ocr_line' id='line_1_33' title="bbox 297 2041 1560 2096; baseline -0.006 -9"><span class='ocrx_word' id='word_1_242' title='bbox 297 2043 351 2096; x_wconf 64' lang='grc' dir='ltr'>ἐ.</span> <span class='ocrx_word' id='word_1_243' title='bbox 380 2046 683 2087; x_wconf 68' lang='lat' dir='ltr'>Stobartianus</span> <span class='ocrx_word' id='word_1_244' title='bbox 728 2049 853 2090; x_wconf 88' lang='lat' dir='ltr'>(nunc</span> <span class='ocrx_word' id='word_1_245' title='bbox 896 2045 1008 2085; x_wconf 84' lang='lat' dir='ltr'>Mus.</span> <span class='ocrx_word' id='word_1_246' title='bbox 1053 2044 1157 2083; x_wconf 88' lang='lat' dir='ltr'>Brit.</span> <span class='ocrx_word' id='word_1_247' title='bbox 1201 2043 1302 2095; x_wconf 79' lang='lat' dir='ltr'>Pap.</span> <span class='ocrx_word' id='word_1_248' title='bbox 1347 2041 1431 2096; x_wconf 83' lang='lat'>98).</span> <span class='ocrx_word' id='word_1_249' title='bbox 1510 2042 1560 2081; x_wconf 91' lang='lat' dir='ltr'>In</span> 
     </span>
     <span class='ocr_line' id='line_1_34' title="bbox 236 2101 1561 2156; baseline -0.004 -11"><span class='ocrx_word' id='word_1_250' title='bbox 236 2104 450 2156; x_wconf 84' lang='lat' dir='ltr'>Aegypto</span> <span class='ocrx_word' id='word_1_251' title='bbox 482 2118 595 2145; x_wconf 88' lang='lat' dir='ltr'>anno</span> <span class='ocrx_word' id='word_1_252' title='bbox 631 2118 671 2156; x_wconf 86' lang='lat' dir='ltr'>p.</span> <span class='ocrx_word' id='word_1_253' title='bbox 709 2103 756 2145; x_wconf 91' lang='lat' dir='ltr'>C.</span> <span class='ocrx_word' id='word_1_254' title='bbox 796 2103 905 2153; x_wconf 76' lang='lat'>1856</span> <span class='ocrx_word' id='word_1_255' title='bbox 947 2102 1059 2142; x_wconf 87' lang='lat' dir='ltr'>hunc</span> <span class='ocrx_word' id='word_1_256' title='bbox 1094 2101 1279 2141; x_wconf 87' lang='lat' dir='ltr'>rotulum</span> <span class='ocrx_word' id='word_1_257' title='bbox 1318 2107 1464 2140; x_wconf 87' lang='lat' dir='ltr'>nactus</span> <span class='ocrx_word' id='word_1_258' title='bbox 1497 2106 1561 2140; x_wconf 91' lang='lat' dir='ltr'>est</span> 
     </span>
     <span class='ocr_line' id='line_1_35' title="bbox 239 2158 1562 2213; baseline -0.003 -12"><span class='ocrx_word' id='word_1_259' title='bbox 239 2161 295 2201; x_wconf 91' lang='lat' dir='ltr'>H.</span> <span class='ocrx_word' id='word_1_260' title='bbox 313 2161 503 2203; x_wconf 84' lang='lat' dir='ltr'>Stobart.</span> <span class='ocrx_word' id='word_1_261' title='bbox 565 2161 609 2201; x_wconf 85' lang='lat' dir='ltr'><strong>A</strong></span> <span class='ocrx_word' id='word_1_262' title='bbox 628 2161 769 2202; x_wconf 89' lang='lat' dir='ltr'>fronte</span> <span class='ocrx_word' id='word_1_263' title='bbox 784 2174 891 2213; x_wconf 77' lang='lat' dir='ltr'>opus</span> <span class='ocrx_word' id='word_1_264' title='bbox 907 2159 1215 2211; x_wconf 83' lang='lat' dir='ltr'>astrologicum</span> <span class='ocrx_word' id='word_1_265' title='bbox 1238 2158 1383 2208; x_wconf 87' lang='lat' dir='ltr'>habet,</span> <span class='ocrx_word' id='word_1_266' title='bbox 1399 2163 1562 2210; x_wconf 86' lang='lat' dir='ltr'>atergo</span> 
     </span>
     <span class='ocr_line' id='line_1_36' title="bbox 236 2215 1562 2271; baseline -0.005 -11"><span class='ocrx_word' id='word_1_267' title='bbox 236 2225 382 2260; x_wconf 87' lang='lat' dir='ltr'>autem</span> <span class='ocrx_word' id='word_1_268' title='bbox 405 2219 643 2260; x_wconf 84' lang='lat' dir='ltr'>orationem</span> <span class='ocrx_word' id='word_1_269' title='bbox 670 2219 894 2259; x_wconf 88' lang='lat' dir='ltr'>funebrem</span> <span class='ocrx_word' id='word_1_270' title='bbox 929 2217 1180 2271; x_wconf 80' lang='lat' dir='ltr'>Hyperidis.</span> <span class='ocrx_word' id='word_1_271' title='bbox 1243 2215 1368 2269; x_wconf 87' lang='lat' dir='ltr'>Opus</span> <span class='ocrx_word' id='word_1_272' title='bbox 1397 2216 1514 2267; x_wconf 92' lang='lat' dir='ltr'>quod</span> <span class='ocrx_word' id='word_1_273' title='bbox 1536 2229 1562 2255; x_wconf 91' lang='lat' dir='ltr'>a</span> 
     </span>
    </p>
   </div>
   <div class='ocr_carea' id='block_1_3' title="bbox 242 2309 1564 2441">
    <p class='ocr_par' dir='ltr' id='par_1_6' title="bbox 242 2309 1564 2441">
     <span class='ocr_line' id='line_1_37' title="bbox 284 2309 1564 2354; baseline -0.004 -9"><span class='ocrx_word' id='word_1_274' title='bbox 284 2313 294 2333; x_wconf 76' lang='lat'><strong>¹</strong></span> <span class='ocrx_word' id='word_1_275' title='bbox 321 2324 328 2332; x_wconf 80' lang='lat'><strong>·</strong></span> <span class='ocrx_word' id='word_1_276' title='bbox 343 2315 506 2346; x_wconf 86' lang='lat' dir='ltr'>Me&#39;moire</span> <span class='ocrx_word' id='word_1_277' title='bbox 529 2325 586 2345; x_wconf 81' lang='lat' dir='ltr'>sur</span> <span class='ocrx_word' id='word_1_278' title='bbox 603 2314 765 2354; x_wconf 82' lang='lat' dir='ltr'>quelques</span> <span class='ocrx_word' id='word_1_279' title='bbox 788 2324 964 2345; x_wconf 78' lang='lat' dir='ltr'>nouveaux</span> <span class='ocrx_word' id='word_1_280' title='bbox 990 2312 1176 2351; x_wconf 82' lang='lat' dir='ltr'>fragments</span> <span class='ocrx_word' id='word_1_281' title='bbox 1199 2311 1320 2342; x_wconf 80' lang='lat' dir='ltr'>inedits</span> <span class='ocrx_word' id='word_1_282' title='bbox 1342 2311 1383 2341; x_wconf 90' lang='lat' dir='ltr'>de</span> <span class='ocrx_word' id='word_1_283' title='bbox 1405 2309 1564 2341; x_wconf 86' lang='lat' dir='ltr'>l&#39;orateur</span> 
     </span>
     <span class='ocr_line' id='line_1_38' title="bbox 242 2358 595 2398; baseline 0 -10"><span class='ocrx_word' id='word_1_284' title='bbox 242 2358 436 2398; x_wconf 72' lang='lat' dir='ltr'>Hyperide*</span> <span class='ocrx_word' id='word_1_285' title='bbox 457 2358 595 2396; x_wconf 68' lang='lat' dir='ltr'>(Paris‘.</span> 
     </span>
     <span class='ocr_line' id='line_1_39' title="bbox 284 2401 1008 2441; baseline -0.004 -9"><span class='ocrx_word' id='word_1_286' title='bbox 284 2402 295 2418; x_wconf 81' lang='lat'><em>²</em></span> <span class='ocrx_word' id='word_1_287' title='bbox 321 2402 480 2432; x_wconf 75' lang='lat' dir='ltr'>Classical</span> <span class='ocrx_word' id='word_1_288' title='bbox 494 2402 630 2440; x_wconf 47' lang='grc' dir='ltr'>Κηίων,</span> <span class='ocrx_word' id='word_1_289' title='bbox 655 2403 746 2441; x_wconf 79' lang='lat'>1892.</span> <span class='ocrx_word' id='word_1_290' title='bbox 767 2412 820 2440; x_wconf 90' lang='lat' dir='ltr'>pp.</span> <span class='ocrx_word' id='word_1_291' title='bbox 842 2401 914 2437; x_wconf 83' lang='lat'>288,</span> <span class='ocrx_word' id='word_1_292' title='bbox 935 2411 1008 2439; x_wconf 82' lang='lat'>429.</span> 
     </span>
    </p>
   </div>
   <div class='ocr_carea' id='block_1_4' title="bbox 888 2461 921 2497">
    <p class='ocr_par' dir='ltr' id='par_1_7' title="bbox 888 2461 921 2497">
     <span class='ocr_line' id='line_1_40' title="bbox 888 2461 921 2497; baseline 0 0"><span class='ocrx_word' id='word_1_293' title='bbox 888 2461 921 2497; x_wconf 74' lang='lat' dir='ltr'>iv</span> 
     </span>
    </p>
   </div>
  </div>
 </body>
</html>
