1843 2788
776 138 1217 181 CITATIONES

407 257 465 290 15.
503 246 789 297 ἀπροστασίου.
864 245 1022 304 [Harp.
1044 247 1150 305 s.v.]

407 311 464 351 16.
502 310 595 361 (‘T7·r
599 342 790 352 ......
819 313 946 364 φησὶν
989 313 1041 355 ὡς
1083 316 1119 354 οἱ
1161 315 1273 365 νόμοι
1317 315 1523 356 κελεύουσι
1570 318 1651 356 δια-

333 380 538 429 μαρτυρεῖν
581 378 645 419 ἐπὶ
690 381 775 420 ταῖς
820 382 996 431 γραφαῖς
1036 383 1120 421 ταῖς
1160 383 1230 420 τοῦ
1270 381 1543 432 ἀπροστασίου
1583 382 1652 423 τὸν

331 444 580 494 βουλόμενον
600 445 741 495 ὁμοίως
764 449 842 485 τῶν
861 444 984 495 ξένων
1005 446 1067 486 καὶ
1085 450 1163 487 τῶν
1184 446 1430 500 ἐπιχωρίων).
1493 447 1651 506 [Harp.

329 527 360 553 s.
380 526 418 552 v.
441 507 724 563 διαμαρτυρία].

402 584 461 622 17.
495 577 626 625 (τίνων
643 576 709 616 οὐκ
729 575 821 627 ε’ξῆν
840 581 923 619 τοῖς
941 578 1072 619 νόθοις
1089 578 1273 632 μετέχειν
1293 578 1513 630 δεδήλωκεν
1531 578 1648 630 ’Τπ.).

331 641 490 700 [Harp.
511 659 542 685 s.
558 659 595 685 v.
619 641 786 701 νοθεῖα.]

401 709 458 748 18.
496 710 689 759 πωληταί.
763 708 921 767 [Harp.
943 725 975 751 s,
992 708 1052 767 v.]

398 786 458 821 19.
497 774 705 828 φαλάγγια
723 774 798 825 (ὅτι
821 778 899 815 τῶν
926 778 1097 815 δακετῶν
1121 792 1159 815 τι
1185 776 1282 825 ζῶόν
1309 775 1422 825 ἐστι).
1487 775 1645 833 [Harp.
1670 793 1672 795 ’

324 849 355 874 s.
375 831 436 890 v.]

396 909 457 938 20.
495 899 580 939 ἐπεὶ
607 900 668 940 καὶ
695 899 714 938 ὁ
739 900 807 949 τῆς
832 897 1064 951 ὃωροξενίας
1095 900 1215 949 νόμος
1244 900 1447 951 ἁρμόττων
1477 900 1565 940 ἐστὶ
1594 903 1645 954 τῷ

325 967 392 1004 νῦν
419 965 540 1017 ἀγῶνι
561 967 825 1018 παραχθῆναι·
864 966 897 1005 εἰ
921 967 996 1017 γὰρ
1017 965 1079 1005 καὶ
1103 965 1192 1008 τοὺς
1218 966 1498 1018 ἀποφυγόντας
1518 963 1647 1015 ξενίας

325 1032 477 1082 εἴρηκεν
515 1030 659 1082 ἐξεῖναι
694 1032 746 1086 τῷ
779 1031 1012 1086 βουλομένῳ
1049 1031 1170 1072 πάλιν
1206 1032 1455 1084 γράψασθαι,
1489 1034 1558 1072 ἐὰν
1593 1032 1645 1083 μὴ

325 1100 471 1138 δοκῶσι
503 1099 660 1141 δικαίως
683 1097 727 1138 τὸ
754 1101 907 1149 πρῶτον
932 1097 1266 1150 ἀποπεφευγέναι,
1294 1102 1375 1140 πῶς
1401 1098 1446 1138 οὐ
1471 1099 1646 1151 φανερόν

323 1165 410 1204 ε’στι
431 1163 513 1204 κατ’
532 1164 820 1217 Ἀρισταγόρας
839 1164 884 1204 τὸ
909 1165 1077 1211 δίκαιον,·
1112 1164 1274 1223 [Harp.
1295 1181 1327 1208 s.
1346 1181 1382 1208 v.
1403 1161 1644 1217 δωροξενία.]

391 1242 452 1270 21.
490 1231 593 1271 ὥστε
620 1230 855 1271 κελευστέον
880 1230 970 1272 τοὺς
1002 1234 1291 1283 μαρτυροῦντας
1321 1232 1369 1271 τὰ
1398 1234 1557 1271 τοιαῦτα
1582 1231 1644 1271 καὶ

319 1296 408 1338 τοὺς
438 1296 730 1350 παρεχομένους
755 1295 842 1349 (μὴ)
868 1296 994 1347 μάτην
1020 1298 1173 1338 ἀπατᾶν
1206 1298 1316 1347 ὑμᾶς,
1343 1295 1453 1348 <ἀλλ’
1484 1298 1639 1338 ἀποδει-

319 1363 452 1404 κνύναι
477 1363 552 1413 ὅτι)
575 1363 818 1416 τυγχάνουσι
844 1364 1064 1415 δικαιότερα
1088 1363 1288 1416 λέγοντες·
1327 1364 1390 1403 καὶ
1409 1364 1528 1415 νόμον
1553 1364 1643 1414 ὑμῖν

318 1429 557 1481 ἀναγκάζετε
578 1430 835 1483 παρέχεσθαι,
858 1429 925 1470 τὸν
946 1430 1156 1470 κελεύοντα
1180 1430 1231 1480 μὴ
1250 1429 1382 1480 νέμειν
1402 1429 1641 1482 προστάτην.

324 1495 514 1553 [Suidas‚
536 1513 567 1539 s.
586 1512 624 1539 v.
649 1496 794 1547 νέμειν,
821 1499 875 1551 cf.
903 1498 1039 1551 Harp.
1062 1513 1093 1539 s.
1111 1513 1150 1539 v.
1173 1492 1429 1548 προστάτης.]

389 1573 448 1601 22.
485 1558 568 1610 (τὸν
606 1563 849 1613 καλούμενον
886 1563 1008 1602 τόπον
1045 1564 1148 1614 παρὰ
1186 1566 1267 1605 τοῖς
1305 1566 1488 1605 παλαιοῖς
1531 1563 1640 1603 ἔστιν

317 1628 454 1679 εὑρεῖν·
493 1628 666 1681 καθάπερ
696 1661 703 1668 .
733 1661 739 1668 .
768 1661 775 1668 .
805 1660 813 1668 .
840 1628 1067 1680 Ὑπερείδου
1093 1630 1188 1669 κατὰ
1217 1633 1294 1669 τῶν
1326 1631 1490 1680 ἑταιρῶν
1520 1630 1563 1669 ἐν
1587 1633 1639 1684 τῷ

318 1697 413 1734 κατὰ
439 1692 549 1746 Ἀρ).
624 1695 811 1754 [Theon,
836 1698 967 1750 Prog.
991 1697 1015 1737 i.
1038 1711 1082 1750 p.
1112 1698 1190 1738 162
1215 1695 1377 1753 Walz]

387 1773 449 1808 23.
487 1762 700 1813 ἀφαίρεσις
734 1760 855 1810 (ἰδίως
887 1762 909 1811 ἡ
945 1763 999 1803 εἷς
1032 1759 1286 1813 ἐλευθερίαν).
1349 1761 1507 1820 [Harp.
1530 1759 1637 1819 s.v.]

386 1840 446 1873 24.
486 1828 546 1867 καὶ
571 1827 692 1868 πάλιν
717 1829 785 1870 τὰς
810 1828 963 1880 Ἀφύας
991 1827 1234 1878 καλουμένας
1257 1828 1325 1868 τὸν
1351 1827 1469 1867 αὐτὸν
1493 1828 1640 1879 τρόπον

316 1893 547 1934 ἐκαλέσατε.
623 1895 804 1953 [Athen.
829 1897 917 1936 xiii.
942 1896 1025 1947 586
1044 1907 1074 1936 A
1096 1911 1104 1946 ;
1139 1896 1276 1950 Harp.
1299 1910 1384 1937 s.v.
1411 1890 1571 1946 ἀφύας.]

386 1970 446 2006 25.
486 1964 731 2012 κακολογεῖν.
820 1960 1141 2018 [Antiatticista
1197 1963 1237 2002 in
1292 1962 1424 2002 Bekk.
1476 1961 1636 2002 Anecd.

314 2034 352 2073 p.
383 2017 495 2075 102.]

384 2084 443 2124 26.
482 2085 692 2134 μετοίκιον.
766 2081 1057 2141 [Ha1·p.s.‘1'.]

433 2152 637 2211 [Numeri
663 2167 798 2208 13—19
817 2168 872 2194 ex
895 2154 1091 2195 oratione
1114 2154 1156 2193 in
1174 2153 1478 2206 Aristagoram
1501 2152 1636 2193 altera

313 2224 526 2271 citantur3
572 2224 626 2263 de
663 2224 814 2264 ceteris
852 2235 936 2263 non
970 2222 1103 2275 liquet
1143 2228 1286 2262 utrum
1326 2222 1366 2262 in
1406 2222 1546 2274 prima
1583 2234 1637 2261 an

312 2294 355 2333 in
378 2292 512 2333 altera
536 2289 839 2348 inveniantur.]

356 2409 393 2428 21
421 2398 527 2438 μάτην
545 2399 669 2430 ἀπατᾶν
687 2399 765 2437 ὑμᾶς
780 2398 824 2437 μὴ
847 2397 1034 2438 τυγχάνωσι
1057 2396 1176 2427 codd.:
1208 2397 1251 2436 μὴ
1273 2396 1378 2434 μάτην
1400 2395 1537 2435 Coraes,
1559 2395 1634 2428 ἀλλ’

313 2442 532 2474 ἀποδεικνύναι
551 2443 599 2473 ὅτι
617 2441 728 2480 suppl.
749 2441 775 2471 B
867 2440 953 2481 ὑμῖν]
974 2440 1049 2479 ἡμῖν
1065 2439 1174 2480 codd,
1192 2449 1276 2470 corr.
1296 2438 1424 2469 Coraes
