1843 2788
111 975 181 1012 (ol.
202 1000 215 1010 -s

182 139 239 177 VI

219 248 240 282 8

221 722 242 753 9

204 978 222 1007 ,Η

228 973 240 1025 ἱ-ὲ

203 1386 239 1410 11

204 1653 243 1677 12

203 1982 244 2017 13

746 134 1113 172 TI'IEPEIAOT

269 238 437 290 ἡγοῦμαι
470 237 570 278 εἶναι
603 238 680 291 ἰδίᾳ
711 239 760 278 τὰ
793 236 886 290 γένη
923 237 1191 290 ἐγκωμιάζειν.
1261 239 1369 279 ἀλλὰ
1401 240 1488 291 περὶ
1522 242 1590 290 τῆς

272 306 447 346 παιδείας
483 304 610 345 αὐτῶν
647 305 890 355 ἐπιμνησθῶ,
927 304 989 345 καὶ
1022 305 1073 346 ὡς
1109 306 1151 346 ἐν
1182 310 1315 362 πολλῇ
1346 307 1592 363 σωφροσύνῃ

272 374 408 412 παῖδες
433 368 555 422 ὄντ[ες
581 369 827 423 ἐτρά]φησαν
861 372 924 412 καὶ
949 367 1265 423 ἐπαιδε[ύθησαν]
1290 373 1386 423 ὅπερ
1405 372 1592 413 εἰώθασιν

270 434 517 490 [παιδεύ]ειν;
555 437 645 478 ἀλλ’
678 438 786 488 οἶμαι
817 434 993 490 πζάντας]
1020 437 1165 478 εἰδέναι
1195 439 1254 478 ὅτι
1288 438 1424 479 τούτου
1448 435 1592 491 [ἕνεκα]

271 504 360 546 τοὺς
389 507 530 545 παῖδας
560 504 806 555 παιδεύομεν,
834 505 897 544 ἵνα
926 503 1062 556 ἄνδρες
1091 505 1230 556 ἀγαθοὶ
1262 503 1466 556 γένωνται·
1503 505 1592 548 τοὺς

273 573 313 611 δὲ
346 569 630 623 γεγενημένους
662 572 705 611 ἐν
737 571 789 625 τῷ
817 570 977 624 πολέμῳ
1010 570 1151 622 ἄνδρας
1183 571 1512 623 ὑπερβάλλοντας
1543 578 1592 629 τῇ

273 637 401 693 ἀρετῇ,
424 637 623 688 πρόδηλόν
642 638 753 677 ἐστιν
773 637 833 676 ὅτι
852 639 987 679 παῖδες
1011 638 1120 678 ὄντες
1141 641 1268 679 καλῶς
1289 638 1589 689 ἐπαιδεύθησαν.

273 703 552 744 ἁπλούστατον
572 704 641 744 οὖν
659 703 827 755 ἡγοῦμαι
853 703 952 744 εἶναι
970 703 1040 753 τὴν
1061 705 1102 743 ἐν
1122 704 1174 758 τῷ
1194 703 1354 758 πολέμῳ
1374 703 1591 755 διεξελθεῖν

274 768 428 821 ἀρετήν,
451 770 512 810 καὶ
537 770 588 812 ὡς
607 773 769 811 πολλῶν
789 771 948 821 ἀγαθῶν
968 771 1085 810 αἴτιοι
1109 769 1341 821 γεγένηνται
1366 771 1411 825 τῇ
1436 772 1592 823 πατρίδι

274 837 336 876 καὶ
371 840 452 878 τοῖς
487 836 626 877 ἄλλοις
655 835 872 886 ’Ἐλλησιικ
943 835 1109 888 ἄρξομαι
1146 838 1187 876 δὲ
1223 840 1376 889 πρῶτον
1413 836 1490 878 ἀπὸ
1525 841 1593 878 τοῦ

274 906 508 955 στρατηγοῦ·
559 904 621 943 καὶ
662 904 736 954 γὰρ
779 903 940 944 δίκαιον.
995 902 1230 953 Λεωσθένης
1269 905 1343 955 γὰρ
1382 904 1482 955 ὁρῶν
1523 904 1592 954 τὴν

271 968 452 1009 Ἑλλάδα
495 972 629 1010 πᾶσαν
671 968 1010 1020 τεταπεινωμένην
1042 970 1103 1010 καὶ
1137 967 1300 1021 [ὥσπερ]
1332 967 1590 1024 ἐπτη[χυ]ῖαν,

273 1035 597 1089 κατεφθαρμένην
621 1035 694 1076 ὑπὸ
719 1039 796 1076 τῶν
822 1036 1143 1087 δωροδοκούντων
1169 1037 1273 1087 παρὰ
1298 1037 1500 1077 Φιλίππου
1531 1038 1593 1077 καὶ

273 1101 538 1154 Ἀλεξάνδρου
577 1104 672 1143 κατὰ
708 1106 785 1143 τῶν
818 1103 1013 1155 πατρίδων
1046 1106 1124 1142 τῶν
1157 1103 1296 1148 αὐτῶν,
1325 1103 1387 1143 καὶ
1419 1102 1490 1153 τὴν
1521 1105 1592 1154 μὲν

273 1170 392 1209 πόλιν
407 1169 515 1220 ἡμῶν
531 1166 748 1221 [ὃεομέ]νην
768 1169 918 1221 ἀνδρός,
938 1168 1008 1219 τὴν
1025 1168 1057 1208 δ’
1076 1167 1256 1209 Ἑλλάδα
1275 1171 1409 1210 πᾶσαν
1425 1169 1591 1217 πόλεως,

273 1235 355 1285 ἥτις
375 1237 594 1287 προστῆναι
619 1231 857 1287 [δυ]νήσεται
877 1237 946 1285 τῆς
965 1236 1188 1287 ἡγεμονίας,
1210 1233 1434 1287 [ἐπέ]δωκεν
1455 1236 1593 1277 ἑαυτὸν

272 1304 343 1351 μὲν
372 1303 417 1357 τῇ
449 1303 616 1354 πατρίδι,
649 1302 719 1352 τὴν
748 1304 789 1342 δὲ
819 1302 936 1342 πόλιν
966 1305 1047 1343 τοῖς
1065 1300 1267 1352 ’Έλλησιν
1297 1303 1351 1345 εἰς
1380 1301 1450 1352 τὴν
1483 1303 1590 1344 ἐλευ-

274 1370 418 1420 θερίαν·
462 1368 525 1409 καὶ
557 1368 714 1419 ξενικὴν
749 1370 821 1419 μὲν
858 1368 1021 1419 δύναμιν
1056 1366 1410 1420 <συ>στησάμενος,
1448 1371 1516 1419 τῆς
1552 1371 1593 1410 δὲ

274 1437 477 1485 πολιτικῆς
510 1435 668 1487 ἡγεμὼν
703 1435 911 1481 καταστάς,
939 1434 1028 1476 τοὺς
1060 1435 1234 1487 πρώτους
1267 1434 1594 1486 ἀντιταξαμένους

273 1507 320 1558 τῇ
355 1505 431 1542 τῶν
463 1501 671 1552 Ἑλλήνων
708 1502 911 1555 ἐλευθερίᾳ
945 1501 1139 1543 Βοιωτοὺς
1173 1502 1234 1542 καὶ
1266 1502 1498 1544 Μακεδόνας
1531 1503 1593 1543 καὶ

278 1567 457 1619 Εὐβοέας
484 1569 546 1609 καὶ
571 1568 660 1610 τοὺς
689 1568 837 1611 ἄλλους
867 1568 1096 1621 συμμάχους
1125 1568 1251 1608 αὐτῶν
1281 1569 1438 1618 ἐνίκησε
1467 1569 1590 1622 μαχό-

273 1652 389 1686 μενος
423 1636 464 1675 ἐν
500 1641 547 1692 τῇ
581 1636 762 1689 Βοιωτίᾳ.
834 1636 1012 1676 ἐντεῦθεν
1044 1634 1077 1675 δ’
1111 1636 1239 1675 ἐλθὼν
1273 1636 1327 1676 εἰς
1362 1635 1500 1677 Πύλας
1533 1635 1594 1675 καὶ

276 1702 515 1752 καταλαβὼν
545 1704 614 1744 τὰς
647 1699 879 1754 [πα]ρόδους,
916 1701 964 1742 δι’
998 1703 1051 1742 ὧν
1086 1702 1147 1741 καὶ
1181 1702 1367 1753 πρότερον
1405 1702 1469 1742 ἐπὶ
1506 1701 1594 1743 τοὺς

267 1767 475 1818 ’Έλληνας
505 1770 540 1809 οἱ
569 1767 772 1821 βάρβαροι
802 1768 1083 1820 ἐπορεύθησαν,
1110 1770 1179 1818 τῆς
1207 1770 1278 1819 μὲν
1308 1767 1375 1808 ἐπὶ
1403 1767 1474 1818 τὴν
1498 1767 1591 1807 Ἑλ-

274 1834 378 1875 λάδα
409 1836 568 1887 πορείας
598 1835 859 1887 Ἀντίπατρον
893 1835 1107 1880 ἐκώλυσεν,
1135 1834 1252 1875 αὐτὸν
1282 1836 1323 1875 δὲ
1354 1835 1595 1886 καταλαβὼν

274 1901 317 1941 ἐν
342 1905 422 1943 τοῖς
447 1902 581 1943 τόποις
611 1902 761 1943 τούτοις
791 1902 854 1941 καὶ
881 1901 990 1958 μάχῃ
1020 1900 1196 1951 νικήσας,
1224 1900 1447 1952 ἐπολιόρκει
1477 1918 1592 1941 κατα-

276 1969 438 2011 κλείσας
464 1969 519 2010 εἰς
542 1969 710 2019 Λαμίαν.
782 1968 1012 2010 Θετταλοὺς
1037 1970 1078 2009 δὲ
1104 1968 1166 2008 καὶ
1192 1967 1354 2009 Φωκέας
1379 1967 1442 2008 καὶ
1468 1969 1593 2008 Αἰτω-

274 2035 367 2077 λοὺς
395 2035 455 2074 καὶ
479 2034 568 2077 τοὺς
593 2034 739 2077 ἄλλους
764 2034 939 2076 ἅπαντας
963 2034 1052 2077 τοὺς
1077 2036 1120 2075 ἐν
1144 2038 1196 2089 τῷ
1229 2034 1334 2089 τόπῳ
1366 2033 1596 2088 συμμάχους

319 2154 338 2183 3
364 2145 594 2183 ἐπαιδεύθησαν
611 2145 690 2176 Bab.
711 2157 717 2175 :
742 2148 833 2177 επεδε
851 2169 858 2176 .
879 2170 885 2176 .
906 2145 939 2188 ἐ
1029 2156 1047 2183 4
1073 2144 1233 2177 παιδεύειν
1252 2144 1374 2176 ΜϋῙῙει·
1462 2144 1594 2179 πάντας,

277 2188 370 2221 ἕνεκα
387 2189 469 2220 Bab.
574 2199 612 2218 12
637 2190 742 2231 ὥσπερ
761 2188 956 2229 ἐπτηχυῑαν]
977 2190 1221 2229 κατεπτηχυΐαν
1237 2189 1326 2227 edd-5
1347 2188 1408 2219 Sed
1425 2200 1498 2220 κατ·
1516 2192 1595 2217 ante

277 2232 538 2272 κατεφθαρμένην
554 2243 621 2263 non
639 2233 760 2272 placet.
809 2232 945 2263 Lacuna
963 2236 1015 2262 est
1031 2242 1051 2271 5
1067 2232 1120 2262 vel
1137 2233 1159 2262 6
1175 2232 1360 2262 litterarum
1466 2240 1503 2270 15
1528 2233 1595 2262 δεο-

275 2276 374 2314 μένην
392 2275 474 2307 Bab.
593 2277 631 2305 16
655 2276 826 2314 δυνήσεται
844 2276 1009 2313 Ξεὴὲιΐετς
1035 2289 1051 2307 ν
1067 2285 1135 2306 non
1154 2280 1280 2306 certum
1298 2280 1349 2306 est
1439 2275 1596 2306 ἐπέδωκεν

279 2319 425 2358 Kayser.
451 2319 492 2350 al.
597 2333 790 2358 μενεναυτον
814 2318 857 2362 β,
885 2329 967 2350 corr.
995 2319 1075 2350 Bab.
1243 2320 1282 2349 18
1319 2330 1520 2357 στησαμενος
1547 2317 1592 2360 ἐς

277 2372 361 2392 corr.
384 2362 468 2393 Bab.
601 2373 642 2401 23
667 2362 819 2404 παρόδους
838 2362 988 2402 Spengel
1005 2373 1012 2395 z
1038 2377 1055 2403 ρ
1072 2362 1207 2393 dubium
1225 2366 1286 2393 est.
1336 2362 1454 2393 Potest
1471 2360 1569 2392 etiam

276 2415 361 2443 esse,
381 2407 440 2436 sed
459 2406 579 2438 διόδους
601 2406 761 2445 Sandys)
783 2406 933 2436 lacunam
953 2416 1019 2436 non
1039 2406 1185 2445 complet

1614 857 1651 879 10

1615 1523 1654 1545 20
