1843 2788
379 126 467 165 EX
511 125 997 168 ORATIONIBVS
1044 128 1485 170 DEPERDITIS

663 251 738 285 ¹³1¹,-
790 248 894 278 ΠΡΟΣ
928 250 1213 278 ΠΟΛΤΕΤΚΤΟΝ.

679 302 758 341 (nisi
777 303 893 334 eadem
912 304 955 334 sit
972 314 1045 334 cum
1063 315 1112 336 or.
1131 306 1194 337 1„1.*v

345 382 429 427 158.
472 381 720 431 Κυδαντίδης.
795 381 954 439 [Harp.
979 400 1012 425 s.
1029 383 1087 440 fn]

344 457 429 493 159.
470 447 548 487 εἰσὶ
595 448 670 499 γὰρ
719 449 762 488 ἐν
809 448 855 504 τῇ
905 450 1101 503 συμμορίᾳ
1149 449 1298 506 ἑκάστῃ
1348 457 1381 492 1}
1440 451 1588 503 ἄνδρες.

273 509 429 569 [Harp.
453 530 485 556 s.
503 530 540 555 v.
565 511 791 566 συμμορία.]

523 625 593 649 LIV.
642 623 735 650 [ll-:Pl
768 624 847 650 ΤΟΥ
880 624 1145 651 ΠΎΡΡΑΝΔΡΟΎ
1179 625 1347 652 ΚΛΗΡΟῪ.

340 675 366 705 si
386 675 488 706 verba
507 676 657 708 codicum
679 678 963 717 Harpocrationis
981 683 1070 709 recte
1090 679 1358 711 emendaverunt
1375 681 1550 721 editores.)

344 753 430 794 160.
470 756 690 798 κακώσεως.
761 754 838 808 (ὅτι
880 756 973 808 ἐξῆν
1017 758 1079 798 καὶ
1115 759 1232 799 παντὶ
1267 763 1319 813 τῷ
1362 761 1597 815 βουλομένῳ

273 820 499 873 γράφεσθαι
532 822 741 865 κακώσεως
773 823 924 876 γονέων
958 825 1019 864 καὶ
1057 829 1141 866 ταῖς
1175 825 1401 878 ἐπικλήροις
1433 830 1598 877 βοηθεῖν

273 890 459 937 δηλοῦται
476 889 518 929 ἐν
534 892 586 943 τῷ
604 889 870 944 προειρημένῳ
887 891 995 944 λόγῳ
1012 890 1267 943 (Ὑπερείδου).
1323 892 1480 950 [Harp.
1501 892 1598 950 san]

783 1001 837 1024 ΙΝ.
884 999 1101 1027 ΡΟΔΙΑΚΟΣ.

346 1066 431 1106 161.
467 1064 691 1117 προέπεσον
715 1064 992 1117 (Ξπροπετῶς
1017 1066 1238 1117 ἐποίησαν).
1283 1070 1483 1123 [Photius
1503 1087 1534 1112 s.
1553 1086 1602 1121 ῖς,

271 1133 325 1185 cf.
351 1134 654 1175 Antiatticista
678 1134 719 1174 in
744 1134 877 1175 Bekk.
900 1134 1058 1176 Auecd.
1088 1147 1179 1185 112,
1208 1133 1293 1191 10.]

362 1242 431 1266 LVI.
482 1240 586 1266 ΥΠΕΡ
618 1240 798 1268 ΣΙΜΜῙΟΎ
831 1241 936 1269 ΠΡΟΣ
970 1242 1133 1268 ΠΤΘΕΑΝ
1168 1243 1235 1269 ΚΑΙ
1267 1243 1516 1271 ΛὙΚΟὙΡΓΟΝ.

348 1309 431 1348 162.
471 1309 771 1362 ἐπιχειροτονία.
847 1308 1007 1367 [Harp.
1031 1327 1064 1352 s.
1083 1310 1144 1369 v.]

722 1415 811 1439 Lvn.
859 1411 1156 1441 ΣὙΝΗΓΟΡΙΚΟΣ.

347 1482 432 1527 163.
471 1480 633 1532 πράτην.
706 1480 882 1539 [Pollux
906 1483 958 1524 iii.
990 1481 1104 1539 125]

670 1587 776 1611 LVIII.
827 1585 932 1613 ΠΡΟΣ
959 1585 1211 1612 ΤΙΜΑΝΔΡΑΝ.

346 1654 431 1697 164.
473 1652 818 1704 καταλειφθέντων
854 1655 927 1706 γὰρ
963 1653 1122 1699 τούτων,
1161 1656 1267 1694 δυοῖν
1304 1655 1500 1707 ἀδελφοῖν
1537 1656 1600 1695 καὶ

273 1721 379 1759 δυοῖν
405 1720 613 1771 ἀδελφαῖν,
641 1719 828 1771 ὀρφανῶν
855 1720 916 1760 καὶ
946 1719 1042 1772 πρὸς
1075 1719 1221 1772 πατρὸς
1247 1720 1309 1760 καὶ
1334 1720 1431 1772 πρὸς
1454 1721 1600 1774 μητρὸς

274 1785 334 1825 καὶ
361 1786 589 1838 παιδαρίων.
663 1785 802 1844 [Suid.
829 1788 866 1828 ii.
895 1799 932 1838 2,
955 1802 996 1842 p.
1024 1797 1116 1841 157,
1144 1785 1231 1844 10.]

345 1853 430 1899 165.
466 1851 656 1904 (καθάπερ
682 1853 702 1891 ὁ
725 1855 793 1903 τῆς
816 1851 1042 1904 Τιμάνδρας
1073 1856 1299 1904 κατηγορῶν
1325 1853 1376 1895 ὡς
1401 1871 1595 1906 πεπορνη-

272 1920 379 1960 κυίας
414 1918 486 1969 τὴν
521 1920 708 1960 λεκανίδα
734 1919 795 1959 καὶ
824 1918 913 1960 τοὺς
948 1918 1120 1969 ὀβολοὺς
1157 1919 1219 1959 καὶ
1251 1918 1322 1970 τὴν
1353 1922 1503 1973 ψίαθον
1537 1920 1599 1960 καὶ

273 1984 428 2035 πολλήν
466 2002 554 2026 τινα
596 1985 778 2036 τοιαύτην
821 1985 1052 2038 δυσφημίαν
1091 1988 1255 2038 ἑταιρῶν
1294 1986 1491 2039 κατήρασε
1529 1991 1597 2027 τοῦ

272 2050 551 2103 δικαστηρίου).
615 2051 885 2110 [Demetrius
913 2053 1000 2104 περὶ
1025 2051 1271 2103 Ἑρμηνείας,
1290 2069 1325 2095 c.
1347 2068 1429 2110 302
1454 2055 1596 2106 (Walz

275 2119 334 2160 ix·
361 2119 494 2174 124)·]

320 2227 380 2257 160
403 2226 515 2257 Verba
535 2226 842 2266 Harpocrationis
836 2237 869 2257 ln
887 2227 984 2258 codd.
1004 2227 1128 2258 nostris
1146 2227 1229 2258 haec
1246 2231 1349 2258 sunt:
1376 2227 1493 2259 Λυσίας
1512 2227 1544 2259 ἕν
1560 2241 1597 2260 τε

273 2274 318 2311 τῷ
334 2271 404 2312 περὶ
421 2273 479 2302 τοῦ
496 2270 717 2312 Ἡγησάνδρου
735 2270 854 2311 κλήρου
871 2271 921 2302 καὶ
943 2272 977 2302 ἐν
999 2274 1043 2311 τῷ
1066 2269 1143 2312 ὑπερ
1164 2273 1221 2302 τοῦ
1243 2270 1442 2312 Πυρράνδρου
1463 2271 1593 2311 κλήρου.

274 2314 358 2344 Cum
386 2317 497 2344 autem
526 2314 559 2343 in
589 2313 739 2344 clausula
766 2313 919 2353 proxima
946 2316 1003 2345 τοῦ
1030 2327 1258 2355 προειρημενου
1288 2313 1389 2355 λόγου
1418 2314 1594 2355 Ύπερείδοι

272 2357 398 2387 mentio
427 2357 495 2396 fiat,
520 2357 683 2396 suspicati
708 2361 787 2387 sunt
811 2357 959 2388 editores
984 2356 1016 2387 in
1042 2357 1143 2387 verbo
1170 2356 1246 2398 ὑπὲρ
1271 2367 1392 2387 nomen
1418 2358 1599 2398 Ὑπερείδου

271 2401 377 2431 latere
491 2402 549 2438 164
576 2400 873 2441 καταλλαχθεντων
890 2400 1000 2431 codd..
1021 2410 1103 2431 corr.
1126 2401 1152 2431 Β
1262 2402 1319 2439 165
1347 2400 1436 2431 Huic
1453 2401 1595 2433 orationi

271 2444 384 2474 tribuit
405 2443 643 2475 Hemsterhuis
