1843 2788
113 1457 185 1493 col.

197 466 238 499 18

200 1003 241 1035 It)

205 1454 244 1507 8]

200 1519 246 1543 20

206 2196 248 2221 22

746 154 1109 191 ΤΠΕΡΕΙΔΟΎ

270 255 668 308 ἐξηνδραποδισμένα,
688 257 758 307 τὴν
775 260 816 298 δὲ
834 258 968 311 χώραν
984 258 1131 300 ἄλλους
1151 259 1465 311 διανεμομένους,
1484 262 1587 300 ὥστε

269 322 343 373 πρὸ
379 323 598 374 ὀφθαλμῶν
635 323 810 374 ὁρώμενα
852 324 983 365 αὐτοῖς
1019 326 1065 363 τὰ
1101 327 1209 366 δεινὰ
1244 325 1387 366 ἄοκνον
1424 329 1588 379 παρεῖχε

269 389 421 439 τόλμαν
447 390 500 431 εἰς
524 389 568 428 τὸ
595 390 830 430 κινδυνεύειν
855 391 1085 444 προχείρως.

335 455 466 494 Ἀλλὰ
495 455 572 505 μὴν
597 454 666 505 τήν
692 473 738 507 γε
761 457 849 507 περὶ
875 457 1013 498 Πύλας
1039 457 1101 497 καὶ
1125 459 1281 508 Λαμίαν
1311 458 1445 511 μάχην
1474 475 1586 510 γενο-

268 520 391 571 μένην
420 520 494 574 οὐχ
527 521 645 572 ἧττον
677 522 807 564 αὐτοῖς
840 522 1000 573 ἔνδοξον
1032 522 1220 575 γενέσθαι
1254 523 1513 575 συμβέβηκεν
1545 524 1590 575 ἧς
1609 546 1627 577 5

270 588 312 627 ἐν
349 591 535 629 Βοιωτοῖς
570 587 832 640 ἠγωνίσαντο,
871 588 915 628 οὐ
951 589 1073 640 μόνον
1108 593 1160 644 τῷ
1195 590 1444 643 μαχομένους
1480 593 1590 631 νικᾶν

271 653 532 705 Ἀντίπατρον
570 655 632 694 καὶ
669 654 758 696 τοὺς
796 654 1040 708 συμμάχους,
1079 656 1184 695 ἀλλὰ
1221 656 1284 696 καὶ
1318 657 1371 711 τῷ
1406 657 1511 710 τόπῳ
1544 658 1596 711 τῷ

270 721 450 760 ἐνταυθοῖ
471 722 712 771 γεγενῆσθαι
735 720 806 770 τὴν
829 720 976 774 μάχην.
1035 721 1317 773 ἀφικνούμενοι
1341 724 1415 775 γὰρ
1435 725 1471 763 οἱ
1488 721 1588 763 ’Έλ-

269 791 388 836 ληνες
420 785 590 827 ἅπαντες
623 787 680 828 δὶς
711 791 780 827 τοῦ
816 789 993 827 ἐνιαυτοῦ
1030 789 1084 829 εἰς
1119 787 1190 838 τὴν
1223 789 1418 834 Πυλαίαν,
1455 790 1591 841 θεωροὶ

270 851 508 904 γενήσονται
536 856 613 893 τῶν
646 853 772 905 ἔργων
804 857 880 894 τῶν
913 853 1199 906 πεπραγμένων
1231 855 1375 913 αὐτοῖς·
1413 853 1493 905 ἅμα
1515 857 1590 908 γὰρ
1614 877 1652 899 10

271 920 326 960 εἰς
350 918 418 959 τὸν
442 918 566 959 τόπον
595 918 928 971 ἁθροισθήσονται
958 920 1019 960 καὶ
1048 922 1117 970 τῆς
1147 921 1295 961 τούτων
1324 922 1461 973 ἀρετῆς
1492 938 1588 972 μνη-

272 983 504 1035 σθήσονται.
576 984 729 1027 οὐδένες
754 988 829 1038 γὰρ
854 986 1012 1027 πώποτε
1036 990 1113 1027 τῶν
1138 988 1361 1039 γεγονότων
1390 988 1478 1028 οὕτε
1503 989 1592 1039 περὶ

273 1051 494 1092 καλλιόνων
532 1052 620 1092 οὔτε
661 1052 758 1104 πρὸς
801 1052 1079 1106 ἰσχυροτέρους
1117 1053 1205 1093 οὔτε
1245 1053 1330 1103 μετ’
1369 1055 1593 1094 ἐλαττόνων

272 1117 535 1169 ἠγωνίσαντο,
570 1118 641 1168 τὴν
677 1119 819 1170 ἀρετὴν
852 1119 970 1172 ἰσχὺν
1007 1120 1069 1159 καὶ
1105 1118 1176 1168 τὴν
1213 1120 1396 1171 ἀνδρείαν
1428 1122 1592 1170 πλῆθος,

273 1183 365 1224 ἀλλ’
390 1183 434 1223 οὐ
466 1184 533 1224 τὸν
564 1185 690 1225 πολὺν
720 1185 883 1237 ἀριθμὸν
912 1189 988 1226 τῶν
1022 1184 1217 1235 σωμάτων
1251 1186 1350 1226 εἶναι
1383 1187 1592 1238 κρίνοντες.
1616 1208 1626 1228 ι
1636 1219 1652 1238 ..

275 1251 337 1290 καὶ
361 1250 432 1300 τὴν
456 1253 529 1301 μὲν
554 1252 781 1302 ἐλευθερίαν
807 1253 861 1294 εἰς
885 1252 930 1291 τὸ
957 1255 1087 1292 κοινὸν
1113 1255 1236 1292 πᾶσιν
1267 1252 1497 1298 κατέθεσαν,
1523 1252 1595 1303 τὴν

275 1317 307 1357 δ’
345 1316 522 1367 εὐδοξίαν
555 1317 631 1357 ἀπὸ
663 1321 741 1358 τῶν
774 1317 953 1369 πράξεων
986 1319 1085 1359 ἴδιον
1119 1317 1321 1371 στέφανον
1357 1320 1404 1375 τῇ
1440 1320 1597 1371 πατρίδι

276 1383 520 1434 περιέθηκαν.

336 1449 476 1499 ’Ἄξιον
501 1451 633 1490 τοίνυν
663 1451 989 1502 συλλογίσασθαι
1019 1451 1081 1491 καὶ
1110 1452 1150 1490 τί
1176 1451 1223 1491 ἂν
1255 1454 1458 1501 συμβῆναι
1485 1453 1595 1502 νομί-

279 1517 408 1566 ζοιμεν
431 1516 483 1566 μὴ
509 1518 605 1556 κατὰ
630 1518 776 1568 τρόποι·
802 1518 950 1557 τούτων
980 1517 1301 1569 ἀγωνισαμένων.
1373 1517 1431 1567 ἆρ’
1456 1518 1524 1558 οὐκ
1549 1518 1597 1558 ἂν
1618 1541 1657 1562 20

278 1582 364 1624 ἑνὸς
397 1585 468 1633 μὲν
502 1584 696 1624 δεσπότου
729 1583 798 1633 τὴν
832 1583 1061 1634 οἰκουμένην
1093 1583 1264 1634 ὑπήκοον
1298 1583 1458 1624 ἃπασαν
1484 1584 1596 1631 εἶναι,

278 1650 381 1703 νόμῳ
406 1651 448 1689 δὲ
467 1653 520 1703 τῷ
541 1650 678 1689 τούτου
697 1651 827 1704 τρόπῳ
854 1648 899 1699 ἐξ
921 1650 1092 1702 ἀνάγκης
1117 1652 1290 1703 χρῆσθαι
1308 1650 1380 1700 τὴν
1398 1649 1596 1697 Ἑλλάδα,·

279 1716 499 1756 συνελόντα
533 1715 564 1754 δ’
600 1717 735 1762 εἰπεῖν,
768 1717 837 1766 τὴν
871 1718 1111 1758 Μακεδόνων
1144 1718 1417 1769 ὑπερηφανίαν
1453 1719 1514 1758 καὶ
1546 1717 1598 1768 μη

278 1783 347 1832 τὴν
372 1785 440 1821 τοῦ
466 1784 615 1822 δικαίου
646 1783 808 1833 δύναμιν
840 1783 994 1836 ἰσχύειν
1028 1783 1119 1834 παρ’
1145 1783 1340 1829 ἑκάστοις,
1367 1784 1471 1824 ὥστε
1502 1783 1599 1834 μήτε

279 1852 473 1901 γυναικῶν
513 1848 610 1899 μήτε
648 1849 851 1900 παρθένων
888 1849 987 1900 μήτε
1026 1851 1174 1890 παίδων
1212 1851 1348 1901 ὕβρεις
1387 1850 1435 1891 ἂν
1471 1852 1596 1891 ἐκλεί-
1624 1871 1635 1885 ³

279 1932 396 1957 πτους
417 1915 599 1957 ἑκάστοις
617 1916 866 1956 καθεστάναι.
928 1916 1099 1968 φανερὸν
1120 1916 1151 1956 δ’
1168 1915 1215 1967 ἐξ
1229 1917 1284 1957 ὧν
1304 1917 1601 1968 ἀναγκαζόμεθα

281 1982 342 2022 καὶ
375 1985 443 2022 νῦν
477 1979 591 2033 ε’[ἇνῙν
635 1984 774 2024 θυσίας
809 1985 880 2033 μὲν
914 1983 1133 2035 ἀνθρώποις
1165 1982 1403 2035 γιγνομένας
1436 1984 1599 2035 ἐφορᾶν,

281 2048 491 2100 ἀγάλματα
515 2050 556 2089 δὲ
584 2050 647 2089 καὶ
672 2049 832 2099 βωμοὺς
859 2051 920 2090 καὶ
947 2050 1063 2091 ναοὺς
1092 2053 1174 2091 τοῖς
1201 2051 1275 2099 μὲν
1304 2051 1407 2090 θεοῖς
1432 2050 1600 2101 ἀμελῶς,

280 2119 361 2156 τοῖς
381 2117 422 2155 δὲ
442 2115 661 2167 ἀνθρώποις
681 2117 875 2166 ἐπιμελῶς
895 2117 1200 2167 συντελούμενα,
1223 2116 1285 2155 καὶ
1309 2115 1399 2158 τοὺς
1419 2113 1603 2167 <τού>των

281 2180 433 2223 οἰκέτας
458 2181 593 2233 ὥσπερ
611 2182 739 2234 ἥρωας
764 2185 880 2233 τιμᾶν
899 2182 1000 2233 ἡμᾶς
1025 2181 1378 2234 ἀναγκαζομένους.
1437 2183 1536 2223 ὅπου
1561 2184 1603 2222 δὲ
1624 2202 1663 2233 30

328 2299 339 2318 I
368 2289 650 2329 διανενεμημένους
668 2291 741 2328 Cb.,
763 2290 789 2320 B
896 2301 934 2330 19
959 2290 1126 2331 νομίζομεν
1144 2291 1290 2331 Kayser,
1310 2291 1368 2321 Cb.
1391 2330 1393 2332 η
1469 2301 1509 2320 22
1534 2291 1604 2322 τού-

283 2332 354 2372 του]
373 2346 489 2364 τουτωι
506 2333 549 2376 ᾖ,
571 2343 656 2364 corr.
679 2333 762 2364 Bab.
885 2343 925 2372 25
950 2335 988 2366 ἂν
1006 2334 1212 2375 {nebu-rous]
1231 2335 1369 2364 verbum
1388 2334 1552 2373 ignotum,
1572 2339 1605 2364 et

282 2376 376 2405 locus
392 2381 593 2414 suspectus;
620 2376 774 2407 lacunam
792 2377 965 2416 postulant
983 2377 1135 2408 nonnulli
1291 2387 1330 2416 27
1357 2380 1412 2409 ἐᾶν
1429 2377 1581 2407 Caffiaux
1598 2389 1606 2408 t

283 2418 371 2457 ἔχειν
384 2418 480 2458 Bab.‚
495 2430 556 2459 pro
568 2420 678 2460 spatio
690 2420 845 2451 nimium:
864 2421 924 2458 ἤδη
939 2419 1088 2460 Sauppe,
1106 2420 1145 2458 B,
1159 2421 1218 2452 sed
1230 2420 1340 2452 littera
1352 2421 1458 2460 prima
1472 2421 1606 2451 videtur

282 2463 390 2501 potius
409 2476 422 2493 ε
440 2472 516 2493 esse
650 2473 691 2502 29
715 2477 788 2496 τους
806 2477 870 2496 των
885 2463 930 2507 ἐ,
950 2473 1032 2495 corr.
1053 2463 1123 2496 Cb„
1147 2463 1170 2494 S
