1843 2788
695 130 1130 173 CITATIONES

480 260 550 283 ΗΧ.
601 258 691 284 ΠΕΡΙ
724 259 804 287 ΤΗΣ
836 260 1024 289 ΦΥΛΑΚΗΣ
1056 262 1136 289 ΤΩΝ
1169 262 1354 289 ΤΡΙΗΡΩΝ.

325 325 409 364 166.
451 327 659 375 κομιστικὰ
694 330 814 367 πλοῖα
843 328 899 377 (ἐν
934 330 991 370 οἷς
1025 330 1203 380 ἐκόμιζον
1235 332 1271 371 οῖ
1306 333 1499 383 Τυρρηνοὶ
1530 334 1577 372 τὰ

250 390 457 442 ληφθέντα
481 391 667 444 λάφυρα).
741 393 900 451 [Harp.
925 412 954 437 s.
973 395 1033 453 τι]

323 458 407 504 167.
446 459 669 509 προβόλιον
698 458 817 510 (εἶδος
842 461 1016 512 δόρατος,
1045 460 1072 516 ᾧ
1100 467 1272 516 χρῶνται
1306 464 1341 503 οἱ
1368 463 1575 515 κυνηγέται

251 523 346 574 πρὸς
371 523 440 574 τὴν
471 528 547 565 τῶν
578 529 682 566 συῶν
716 525 849 578 θήραν.
920 527 1009 567 ζὙπ.
1045 533 1235 579 τροπικῶς
1269 530 1310 570 ἐκ
1347 534 1573 582 μεταφορᾶς

250 589 449 643 ἐλρήσατο
475 595 527 646 τῷ
552 590 742 642 ὀνόματι).
816 593 975 651 [Harp.
999 611 1029 636 s.
1052 594 1111 651 tn]

663 709 718 732 Lx.
767 707 872 735 ΠΡΟΣ
905 708 1163 734 ὙΓΙΑῙΝΟΝΤΑ.

322 775 406 813 168.
446 774 511 824 ἕνη
540 776 601 815 καὶ
626 775 707 816 νέα.
783 776 942 834 [Harp.
968 793 1000 818 s.
1021 775 1082 834 zu]

322 841 406 887 169.
445 840 583 882 θέσθαι
607 840 669 893 (z
686 842 886 893 ὑποθήκην
911 843 1083 893 λαβεῖν).
1155 842 1315 901 [Harp.
1340 861 1372 886 s.
1391 843 1452 901 v.]

666 958 738 982 LXI.
786 956 889 982 ’ΥΠΕΡ
920 956 1153 985 ΦΟΡΜῙΣΙΟΎ.

322 1031 407 1069 170.
448 1025 660 1066 Πανδιονίς
700 1021 835 1076 (φυλή,
879 1027 1072 1075 κληθεῖσα
1113 1025 1190 1065 ἀπὸ
1239 1027 1459 1068 Πανδίονος
1508 1030 1574 1065 τοῦ

248 1087 525 1142 Ἐριχθονίου).
601 1082 758 1145 [Harp.
781 1107 812 1133 s.
830 1092 888 1145 tu]

691 1207 780 1229 LXII.
828 1204 930 1230 ΥΠΕΡ
961 1205 1130 1233 ΦΡΤΝΗΣ.

319 1282 405 1318 17¹.
445 1271 712 1324 διειλεγμένος
744 1273 831 1322 εἰμί.
907 1271 1085 1330 [Pollux
1109 1289 1147 1314 v.
1173 1272 1259 1330 93]
1331 1272 1573 1324 (Ὑπερείδης

247 1339 453 1388 ὡμιληκὼς
493 1340 554 1379 καὶ
591 1338 725 1395 Φρύνῃ
768 1344 815 1395 τῇ
858 1340 992 1393 ἑταίρᾳ
1030 1339 1198 1389 ἀσεβεῖν
1235 1338 1442 1396 κρινομένῃ
1479 1356 1571 1380 συν-

247 1404 458 1455 εξητάσθη·
514 1405 629 1447 αὐτὸς
665 1406 739 1457 γὰρ
776 1408 890 1445 τοῦτο
928 1407 969 1446 ἐν
1006 1406 1107 1461 ἀρχῇ
1150 1408 1218 1445 τοῦ
1259 1407 1383 1458 λόγου
1429 1405 1570 1456 δηλοῖ).

249 1471 569 1529 [pseudo—Plut.
606 1473 689 1514 Vz't.
713 1474 764 1513 X
786 1474 908 1514 Orat.
933 1488 971 1527 p.
997 1474 1077 1527 849
1098 1471 1161 1530 E]

320 1546 403 1584 172.
441 1536 544 1588 (Tvrz
576 1540 617 1578 ἐν
642 1542 694 1592 τῷ
720 1539 815 1589 ὑπὲρ
841 1541 930 1589 Φρ.,
951 1537 1201 1588 ἐξισάζοντος
1221 1539 1280 1578 ὅτι
1300 1537 1415 1581 αὐτός
1440 1555 1482 1580 τε
1508 1539 1571 1579 καὶ

248 1604 391 1645 Εὐθίας
412 1604 652 1655 ὡμιληκότες
672 1604 775 1655 ἦσαν
795 1606 838 1661 τῇ
859 1605 991 1661 Φρύνῃ
1018 1637 1025 1645 .
1057 1637 1063 1645 .
1094 1637 1101 1645 .
1131 1605 1251 1655 εὑρών
1271 1621 1357 1645 τινα
1377 1606 1570 1658 διαφορὰν

246 1670 415 1722 ἐξέφυγε
448 1670 492 1710 τὸ
526 1671 710 1721 ἐξισᾶζον
743 1670 904 1723 φήσας)·
942 1671 985 1711 οὐ
1018 1672 1091 1723 γὰρ
1124 1672 1258 1722 ὅμοιόν
1288 1673 1375 1712 ἐστι
1405 1671 1473 1713 τὸν
1496 1674 1569 1723 μὲν

245 1739 350 1779 ὅπως
389 1736 614 1788 σωθήσεται
656 1739 698 1777 ἐκ
736 1738 883 1779 παντὸς
921 1738 1065 1789 τρόπου
1110 1739 1247 1788 ζητεῖν,
1285 1741 1352 1779 τὸν
1389 1741 1430 1779 δὲ
1465 1739 1570 1781 ὅπως

246 1803 450 1844 ἀπολέσει.
526 1804 756 1863 [Syrianus
778 1807 833 1847 ad
857 1806 1065 1859 Hermog.
1091 1806 1142 1846 iv.
1166 1820 1208 1859 p.
1235 1818 1312 1859 119
1337 1805 1493 1862 Walz]

318 1880 402 1917 173.
442 1872 481 1910 τί
520 1869 595 1922 γάρ
633 1872 744 1911 ἐστιν
782 1871 886 1910 αἰτία
922 1871 1031 1920 αὕτη,
1070 1871 1102 1910 εἰ
1141 1869 1334 1924 Ταντάλῳ
1370 1872 1466 1922 ὑπὲρ
1501 1874 1569 1921 τῆς

246 1939 423 1989 κεφαλῆς
447 1938 559 1979 λίθος
585 1936 802 1988 κρέμαται;
849 1936 1000 1995 [Alex.
1032 1939 1083 1979 de
1113 1938 1262 1978 sellem.
1296 1939 1376 1979 viii.
1411 1954 1449 1993 p.
1484 1940 1566 1993 458

245 1993 405 2051 XValz]

315 2071 400 2107 174.
440 2061 728 2102 ἀνεπόπτευτος
751 2061 811 2111 (z
828 2062 848 2099 ὁ
866 2061 918 2111 μὴ
946 2061 1219 2110 ἐποπτεύσας).
1277 2060 1434 2117 [Harp.
1456 2077 1490 2102 s.
1506 2054 1565 2111 zu]

316 2135 402 2175 175.
444 2128 762 2168 ἐπωπτευκότων.
837 2127 997 2185 [Harp.
1021 2126 1128 2184 s.v.]

317 2195 400 2240 176.
442 2194 586 2236 Εὐθίας
620 2197 714 2246 (τῶν
751 2194 814 2234 ἐπὶ
845 2194 1092 2247 συκοφαντίᾳ
1124 2191 1455 2243 διαβεβλημένων
1489 2191 1562 2242 ἦν).

245 2253 403 2306 [Harp.
426 2269 456 2294 s.
474 2252 533 2309 12]

289 2362 348 2391 166
371 2362 521 2402 Τυρρηνοὶ
540 2361 698 2393 Boeckh:
725 2361 870 2402 τύραννοι
888 2362 985 2393 codd.
1079 2372 1134 2400 171
1162 2363 1329 2400 ὡμιληκὼς
1347 2362 1397 2394 καὶ
1416 2361 1564 2392 Bueche-

243 2406 315 2436 ler:
341 2406 380 2436 ὡς
399 2405 480 2436 εἰκὸς
497 2404 530 2436 δὲ
549 2406 599 2436 καὶ
618 2406 687 2446 δίκῃ
707 2405 802 2435 codd.
943 2415 1001 2443 172
1028 2404 1218 2437 ἀπολέσειεν
1235 2405 1342 2443 codd„
1363 2415 1448 2436 corr.
1466 2404 1564 2435 Walz
