1843 2788
144 135 198 172 IV

160 248 203 275 21

41 303 114 341 col.
141 301 204 354 16]

163 714 181 738 k)

187 714 206 738 k.)

41 904 113 941 col.
142 901 205 954 17]

164 1312 207 1346 23

39 1502 111 1540 col.
140 1499 202 1553 18]

164 1843 210 1879 24

39 2167 110 2204 col.
140 2170 184 2203 19

160 2231 177 2243 r,

708 135 1074 173 ’ΥΠΕΡΕΙΔΟΎ

237 237 298 276 καὶ
324 236 402 288 φὴς
429 237 576 277 κόλακα
601 236 718 278 αὐτὸν
739 238 836 278 εἶναι
860 239 1011 288 ἐκείνης
1037 239 1099 278 καὶ
1121 240 1375 280 Μακεδόνων·
1413 240 1457 281 ὃν
1482 243 1551 281 ἐὰν

236 302 364 358 δείξῃς
397 302 619 355 ἀφιγμένον
650 304 809 345 πώποτε
843 306 897 346 εἰς
924 306 1188 352 Μακεδονίαν,
1216 303 1239 356 ἢ
1271 307 1430 347 ἐκείνων
1463 309 1551 348 τινὰ

234 368 525 420 ὑποδεξάμενον
552 371 606 412 εἷς
631 370 702 420 τὴν
727 371 845 410 αὑτοῦ
865 372 1002 418 οἰκίαν,
1024 368 1047 421 ἦ
1073 372 1277 426 χρώμενον
1301 377 1378 413 τῶν
1404 373 1553 414 ἐκεῖθέν

234 452 310 476 τινι
349 433 372 485 ἦ
417 434 721 489 ἐντυγχάνοντα,
765 434 788 486 ἦ
829 438 973 490 λόγους
1021 437 1082 478 καὶ
1123 439 1385 480 οὑστινασοῦν
1426 436 1450 489 ἢ
1493 439 1553 480 ἐπ’

236 503 495 555 ἐργαστηρίου
519 499 542 552 ἢ
569 504 611 543 ἐν
639 509 687 559 τῇ
716 504 841 558 ἀγορᾷ
865 500 887 553 ἦ
912 503 1059 544 ἄλλοθί
1082 521 1154 545 που
1183 507 1271 557 περὶ
1299 506 1447 546 τούτων
1475 510 1553 547 τῶν

236 568 476 620 πραγμάτων
502 570 694 621 εἰρηκότα,
723 570 784 610 καὶ
808 569 860 620 μὴ
887 571 1061 621 κοσμίως
1087 571 1150 611 καὶ
1172 573 1338 624 μετρίως
1364 574 1411 612 τὰ
1437 573 1553 613 αὑτοῦ

235 634 460 686 πράττοντα
491 636 625 687 ὥσπερ
659 637 695 676 εἴ
724 653 782 678 τις
816 637 878 677 καὶ
911 636 1033 679 ἄλλος
1065 641 1142 677 τῶν
1177 642 1363 685 πολιτῶν,
1398 638 1550 692 χρησά-

237 704 401 742 σθωσαν
433 701 533 755 αὐτῷ
568 704 603 742 οἱ
637 703 818 744 δικασταὶ
843 704 865 742 ὅ
893 720 929 743 τι
962 704 1192 753 βούλονται.
1264 706 1297 745 εἰ
1330 707 1405 757 γὰρ
1435 709 1554 745 ταῦτα

236 767 283 817 ἦν
316 768 441 818 ἀληθῆ
471 769 495 808 ἃ
525 773 766 820 κατηγορεῖς,
793 768 862 809 οὑκ
893 769 941 810 ἂν
975 770 1025 810 σὺ
1058 770 1178 819 μόνος
1209 769 1324 826 ᾔδεις,
1352 772 1458 812 ἀλλὰ
1492 773 1554 812 καὶ

236 835 272 874 οἱ
298 834 415 875 ἄλλοι
434 834 578 877 πάντες
603 837 638 876 οἱ
665 837 706 875 ἐν
731 842 776 892 τῇ
802 836 930 876 πόλει·
967 836 1101 889 ὥσπερ
1123 837 1184 877 καὶ
1209 838 1296 889 περὶ
1316 841 1394 878 τῶν
1419 837 1554 878 ἄλλων

236 901 326 941 ὅσοι
356 918 392 941 τι
425 902 520 953 ὑπὲρ
551 903 709 942 ἐκείνων
737 899 760 952 ἢ
790 902 980 955 λέγουσιν
1012 900 1035 952 ἢ
1069 902 1320 955 πράττουσιν,
1357 903 1401 944 οὐ
1433 905 1553 955 μόνον

237 967 359 1013 αὐτοί,
387 968 493 1008 ἀλλὰ
520 969 581 1009 καὶ
606 970 642 1008 οἱ
667 968 786 1009 ἄλλοι
811 968 1015 1019 Ἀθηναῖοι
1041 971 1155 1010 ἴσασι
1182 970 1243 1010 καὶ
1275 972 1322 1010 τὰ
1347 972 1482 1012 παιδία
1506 973 1554 1011 τὰ

238 1035 279 1073 ἐκ
312 1038 389 1074 τῶν
423 1036 710 1076 διδασκαλείων
744 1036 806 1076 καὶ
838 1039 915 1076 τῶν
946 1037 1122 1087 ῥητόρων
1153 1036 1242 1078 τοὺς
1275 1037 1364 1089 παρ’
1396 1038 1553 1078 ἐκείνων

236 1103 550 1153 μισθαρνοῦντας
576 1102 638 1142 καὶ
663 1105 740 1142 τῶν
763 1101 900 1143 ἄλλων
925 1103 1015 1144 τοὺς
1039 1102 1261 1153 ξενίζοντας
1286 1103 1375 1145 τοὺς
1405 1105 1554 1145 ἐκεῖθεν

235 1167 401 1216 ἥκοντας
437 1169 499 1208 καὶ
531 1168 842 1222 ὑποδεχομένους
876 1168 937 1208 καὶ
972 1170 1026 1210 εἰς
1057 1170 1127 1211 τὰς
1159 1169 1271 1211 ὁδοὺς
1303 1171 1554 1212 ὑπαντῶντας

235 1234 330 1274 ὅταν
366 1236 575 1285 προσίωσι·
627 1235 687 1275 καὶ
723 1235 892 1286 οὐδαμοῦ
930 1237 1023 1287 ὄψει
1061 1235 1148 1276 οὐδὲ
1186 1235 1276 1288 παρ’
1312 1237 1370 1278 ἑνὶ
1406 1237 1554 1277 τούτων

238 1299 486 1350 Εὐξένιππον
522 1302 890 1353 καταριθμούμενον.
962 1302 1011 1343 σὺ
1044 1301 1076 1342 δ’
1111 1303 1270 1343 ἐκείνων
1306 1306 1378 1354 μὲν
1415 1303 1554 1344 οὐδένα

237 1367 377 1418 κρίνεις
410 1367 489 1409 οὐδ’
524 1369 578 1410 εἰς
611 1369 745 1420 ἀγῶνα
777 1370 977 1419 καθίστης,
1011 1369 1076 1410 οὓς
1110 1368 1254 1412 πάντες
1286 1371 1401 1410 ἴσασι
1434 1374 1554 1410 ταῦτα

235 1433 490 1484 πράττοντας,
524 1434 605 1474 κατ’
639 1433 885 1484 Εὐξενίππου
918 1438 960 1476 δὲ
994 1437 1201 1476 κολακείαν
1235 1441 1475 1489 κατηγορεῖς,
1510 1437 1554 1476 οῦ

234 1500 254 1539 ὁ
279 1501 370 1550 βίος
398 1500 470 1551 τὴν
499 1502 628 1542 αἰτίαν
658 1501 701 1541 οὐ
735 1501 1013 1555 παραδέχεται.
1086 1503 1222 1548 καίτοι,
1251 1504 1284 1543 εἰ
1313 1507 1403 1544 νοῦν
1433 1503 1550 1557 εἶχες,

235 1568 326 1618 περί
356 1584 401 1619 γε
437 1569 504 1618 τῆς
535 1567 683 1619 φιάλης
715 1571 783 1619 τῆς
819 1569 1075 1619 ἀνατεθείσης
1108 1568 1187 1609 οὔτ’
1221 1568 1269 1609 ἂν
1304 1567 1552 1619 Εὐξένιππον

233 1632 341 1689 ιη’τιῶ,
364 1632 442 1674 οὔτ’
468 1633 516 1674 ἂν
542 1634 666 1675 ἄλλον
690 1635 813 1687 λόγον
833 1634 974 1676 οὐδένα
993 1637 1160 1676 ἐνταῦθα
1186 1634 1373 1686 ἐποιήσω·
1409 1635 1452 1677 οὐ
1477 1637 1551 1689 γὰρ

235 1701 430 1751 ἁρμόττει.
502 1702 564 1741 διὰ
593 1703 649 1748 τί,·
689 1703 755 1742 καί
779 1719 853 1752 μου
881 1701 948 1742 τὸν
977 1703 1113 1754 λόγον,
1141 1700 1170 1742 ὦ
1197 1701 1331 1754 ἄνδρες
1356 1704 1550 1750 δικασταί,

235 1766 441 1814 ἀκούσατε,
469 1766 514 1808 ὃν
537 1767 673 1818 μέλλω
696 1767 844 1820 λέγειν.

303 1832 417 1884 Ὑμῖν
443 1833 666 1885 Ὀλυμπιὰς
698 1834 926 1887 ἐγκλήματα
959 1837 1169 1886 πεποίηται
1200 1836 1289 1887 περὶ
1317 1837 1365 1876 τὰ
1393 1837 1436 1877 ἐν
1463 1839 1550 1876 Δω-

236 1901 339 1956 δώνῃ
365 1900 409 1940 οὐ
433 1902 573 1947 δίκαια,
601 1901 652 1943 ὡς
678 1902 755 1953 ἐγὼ
781 1902 838 1943 δὶς
862 1902 933 1952 ἤδη
961 1903 1003 1942 ἐν
1028 1906 1080 1956 τῷ
1107 1901 1212 1957 δήμῳ
1244 1903 1421 1944 ἐναντίον
1446 1904 1553 1953 ὑμῶν

235 1968 297 2007 καὶ
333 1972 410 2007 τῶν
443 1967 577 2008 ἄλλων
610 1967 831 2018 Ἀθηναίων
865 1972 960 2020 πρὸς
992 1969 1082 2011 τοὺς
1114 1969 1279 2019 ἥκοντας
1312 1969 1401 2021 παρ’
1435 1970 1554 2019 αὐτῆς

235 2031 430 2086 ἐξήλεγξα
454 2034 498 2074 οὐ
522 2033 775 2085 προσήκοντα
807 2035 926 2085 αὐτὴν
957 2034 1185 2087 ἐγκλήματα
1213 2037 1259 2091 τῇ
1291 2037 1406 2077 πόλει
1436 2037 1549 2088 ἐγκα-

234 2104 397 2141 λοῦσαν.
468 2101 557 2152 ὑμῖν
595 2103 670 2153 γὰρ
707 2102 727 2140 ὁ
764 2102 862 2144 Ζεὺς
898 2102 918 2141 ὁ
956 2105 1192 2144 Δωδωναῖος
1230 2101 1475 2154 προσέταξεν
1512 2104 1554 2142 ἐν

1575 856 1614 877 10

1574 1519 1613 1541 20

1574 1852 1611 1882 ²5

234 2173 280 2223 τῇ
304 2168 468 2221 μαντείᾳ
492 2167 536 2207 τὸ
565 2167 725 2219 ἄγαλμα
752 2170 820 2218 τῆς
848 2169 1003 2219 Διώνης
1034 2170 1315 2220 ἐπικοσμῆσαι·
1354 2169 1416 2209 καὶ
1445 2169 1553 2220 ὑμεῖς
1572 2184 1612 2216 30

234 2234 449 2285 πρόσωπόν
474 2251 515 2274 τε
542 2234 838 2286 κοσμησάμενοι
859 2235 909 2277 ὡς
934 2236 1017 2276 οἶόν
1041 2252 1084 2276 τε
1105 2234 1322 2276 κάλλιστον
1345 2235 1406 2276 καὶ
1425 2236 1554 2276 τᾶλλα

276 2354 295 2381 4
319 2356 380 2376 τινι
399 2352 462 2375 om.
477 2343 546 2383 ,Βῆ
567 2344 642 2375 add.
661 2343 712 2381 11²
828 2345 868 2375 16
891 2345 1021 2385 προίωσι
1038 2344 1110 2385 Cb.‚
1131 2344 1304 2384 Lightsoot
1419 2355 1459 2384 19
1482 2345 1555 2377 κατ’

234 2386 298 2418 del.
313 2387 373 2418 Cb.
462 2397 503 2427 25
529 2389 600 2426 ὑμῖν
612 2397 686 2419 cum
701 2388 982 2427 praecedentibus
1000 2388 1170 2427 coniungit
1183 2388 1221 2426 R
1313 2390 1354 2419 28
1380 2390 1552 2429 ἐξήλεγξα]

235 2431 284 2462 καὶ
303 2431 449 2471 ἀπέδειξα
465 2431 540 2462 add.
561 2430 622 2462 Cb.
768 2441 807 2470 31
836 2431 1090 2472 κοσμησάμενοι]
1109 2431 1317 2472 ποιησάμενοι
1337 2432 1483 2471 Kayser,
1502 2431 1529 2462 B
1547 2445 1554 2464 z

236 2474 441 2513 κομισάμενοι
459 2474 669 2513 Comparetti
