1843 2788
707 129 1138 171 CITATIONES

330 249 389 285 74.
428 238 681 290 Ἀρτεμίσιον
698 238 760 288 (=
775 241 818 278 τὸ
844 240 911 288 τῆς
930 237 1157 290 Ἀρτέμιδος
1181 235 1367 290 ἄγαλμα).
1428 234 1580 294 [Harp.

329 380 389 417 75.
427 373 648 423 προηροσία
671 370 810 422 (ὄνομα
834 369 998 420 θυσίας).
1069 367 1225 427 [Harp.
1247 387 1278 413 s.
1299 368 1354 424 v.]

547 471 607 494 XX.
657 469 763 495 ΚΑΤΑ
795 469 1001 495 ΔΗΜΑΔΟΎ
1033 468 1301 495 ΠΑΡΑΝΟΜΩΝ.

328 525 388 572 76.
426 524 498 575 (ἔτι
522 528 564 565 δὲ
580 524 862 576 ἇναμνήσομεν
887 527 950 565 διὰ
975 526 1242 577 ψηφίσματος
1267 526 1472 577 εἰσφορᾶς,
1493 524 1543 565 ὡς
1563 524 1583 562 ὁ

256 592 346 633 ‘Tm
371 593 636 644 ψηφίσματος
662 595 888 644 κατηγορῶν
913 592 986 631 ὑπὸ
1014 590 1201 641 Δημάδου
1225 590 1461 643 γραφέντος,
1488 591 1582 642 πρό-

258 658 372 709 ξενον
393 657 646 710 Εὐθυκράτην
664 657 762 698 εἶναι
782 657 1024 710 γράψαντος,
1047 657 1162 698 αὐτὸς
1182 657 1361 710 εἰσφέρει
1374 655 1582 709 ψήφισμα,

259 725 306 765 δι’
327 725 371 765 οὗ
396 728 566 765 ποιεῖται
590 724 661 775 τὴν
686 725 1041 776 ἀνακεφαλαίωσιν
1066 727 1143 764 τῶν
1169 722 1409 775 εἰρημένων)·
1441 721 1493 763 ΔΑ
1512 725 1584 773 μὲν

259 794 332 845 γὰρ
359 792 470 833 οὗτος
494 788 650 842 (φησὶν)
673 792 954 842 εἰσκεκόμικεν,
983 791 1049 831 οὐκ
1075 790 1158 843 ἔχει
1182 792 1250 832 τὰς
1274 791 1435 840 ἀληθεῖς
1460 791 1586 831 αἰτίας

258 861 327 909 τῆς
347 856 567 910 προξενίας·
606 859 684 910 ἐγὼ
705 857 758 903 δέ,
781 859 813 898 εἰ
833 860 894 898 δεῖ
910 855 1226 909 πρόξενονὺμῶν
1247 855 1366 897 αὐτὸν
1381 855 1583 909 γενέσθαι,

260 925 308 965 δι’
329 925 353 965 δ,
370 925 509 965 τούτου
533 923 710 975 τεύξεται
731 924 890 977 γράψας
911 923 1098 976 εἰσφέρω.
1155 920 1306 974 (ἔπειτα
1325 922 1368 962 τὸ
1388 921 1586 975 ψήφισμα

260 988 467 1043 εἰσφέρει)·
507 992 689 1044 δεδόχθαι
717 990 806 1043 (γάρ
837 989 977 1043 φησιν)
1005 989 1122 1030 αὐτὸν
1156 990 1255 1030 εἶναι
1287 988 1491 1041 πρόξενον,
1526 990 1586 1029 ὅτι

259 1060 306 1098 τὰ
337 1059 525 1112 Φιλίππῳ
557 1057 812 1109 συμφέροντα
846 1057 906 1097 καὶ
937 1056 1098 1108 πράττει
1132 1057 1194 1096 καὶ
1226 1055 1350 1108 λέγει,
1383 1057 1443 1096 ὅτι
1471 1056 1583 1108 γενό-

258 1141 374 1175 μενος
403 1125 600 1177 ἵππαρχος
629 1124 718 1166 τοὺς
742 1123 965 1164 Ὀλυνθίων
991 1122 1132 1164 ἱππέας
1158 1123 1356 1175 προῦδωκε
1383 1123 1585 1176 Φιλίππῳ,

259 1193 317 1232 ὅτι
343 1194 456 1231 τοῦτο
483 1189 632 1243 πράξας
657 1192 779 1232 αἴτιος
803 1193 870 1230 τοῦ
889 1188 1119 1230 Χαλκιδέων
1137 1188 1308 1241 ὑπῆρξεν
1329 1188 1505 1241 ὀλέθρου,
1527 1189 1588 1229 ὅτι

259 1258 436 1308 ἁλούσης
449 1257 645 1298 Ὀλύνθου
661 1257 823 1308 τιμητὴς
840 1256 997 1309 ἐγένετο
1013 1259 1089 1296 τῶν
1106 1256 1382 1309 αἰχμαλώτων,
1398 1257 1458 1295 ὅτι
1474 1254 1585 1295 ἀντέ-

261 1324 384 1377 πραξε
409 1330 456 1381 τῇ
480 1325 596 1365 πόλει
621 1325 708 1375 περὶ
732 1327 799 1364 τοῦ
825 1326 928 1375 ἱεροῦ
952 1326 1020 1363 τοῦ
1049 1323 1222 1373 Δηλίων,
1251 1324 1310 1362 ὅτι
1338 1324 1406 1372 τῆς
1434 1322 1587 1363 πόλεως

260 1391 347 1442 περὶ
368 1391 611 1443 Χαιρώνειαν
630 1390 866 1441 ἡττηθείσης
886 1390 974 1430 οὔτε
995 1390 1123 1441 ἔθαψε
1142 1393 1219 1429 τῶν
1238 1389 1462 1429 τεθνεώτων
1481 1390 1589 1429 τινας

261 1458 350 1498 οὔτε
379 1461 456 1498 τῶν
487 1458 666 1497 ἁλόντων
698 1456 836 1497 οὐδένα
873 1457 1057 1496 ἐλύσατο.
1137 1452 1341 1512 [Apsines
1374 1458 1398 1497 i.
1432 1470 1471 1510 p.
1504 1456 1586 1509 388

263 1517 466 1572 Spengel,
487 1519 542 1572 cf.
565 1531 604 1570 p.
629 1518 724 1572 385,
748 1517 771 1556 l.
796 1513 855 1572 4.]

333 1591 392 1629 77.
431 1581 678 1634 Ἀλκίμαχον
696 1581 758 1621 καὶ
773 1580 1033 1632 Ἀντίπατρον
1048 1580 1281 1630 Ἀθηναίους
1299 1579 1360 1619 καὶ
1377 1577 1590 1630 προξένους

263 1648 545 1699 ἐποιησάμεθα.
618 1644 774 1703 [Harp.
797 1664 829 1690 s.
848 1664 884 1690 v.
911 1642 1185 1700 Ἀλκίμαχος]

335 1717 395 1761 78.
433 1714 530 1766 μήτε
567 1716 721 1756 πόλεως
757 1713 854 1765 μήτε
891 1714 1093 1755 πολιτείας
1130 1713 1354 1763 ἐπηβόλους
1391 1710 1591 1763 γενέσθαι.

266 1778 435 1837 [Etym.
453 1783 579 1837 Mag.
603 1797 642 1837 p.
668 1796 692 1836 3
697 1794 763 1835 57,
790 1794 842 1835 25
864 1797 872 1833 ;
909 1782 1064 1834 Porph.
1093 1781 1264 1832 Quaest.
1286 1780 1416 1820 Hom.
1441 1793 1474 1820 c.
1500 1773 1552 1830 1.]

335 1857 396 1895 79.
434 1849 521 1899 περὶ
551 1848 595 1888 οὗ
626 1851 763 1901 πολλῷ
795 1846 842 1887 ἂν
873 1847 1114 1897 δικαιότερον
1145 1847 1187 1886 ἐν
1212 1848 1292 1886 τοῖς
1323 1843 1544 1894 ὀξυθυμίοις
1569 1843 1591 1894 ἡ

249 1914 393 1965 ’στήλη
433 1916 595 1964 σταθείη
633 1912 655 1964 ἦ
693 1915 734 1954 ἐν
771 1917 852 1955 τοῖς
887 1911 1090 1964 ἡμετέροις
1128 1914 1256 1964 ἱεροῖς.
1329 1907 1594 1966 [Harp.s.v.

263 1973 485 2038 ὀξυθύμια]

333 2050 395 2088 80.
437 2048 537 2088 εἶναι
570 2050 611 2088 δὲ
636 2047 724 2089 τοὺς
757 2046 922 2099 ῥήτορας
957 2047 1113 2096 ὁμοίους
1143 2048 1225 2086 τοῖς
1260 2046 1394 2096 ὄφεσι·
1432 2043 1521 2085 τούς
1554 2060 1595 2084 τε

267 2117 341 2168 γὰρ
367 2117 480 2166 ὄφεις
504 2114 695 2165 μισητοὺς
725 2116 795 2165 μὲν
822 2113 921 2154 εἶναι
945 2111 1109 2161 πάντας,
1137 2115 1214 2152 τῶν
1239 2113 1281 2151 δὲ
1310 2112 1444 2163 ὄφεων
1470 2110 1596 2150 αὐτῶν

267 2182 356 2223 τοὺς
391 2184 463 2233 μὲν
499 2182 604 2234 ἔχεις
640 2180 729 2223 τοὺς
767 2181 995 2232 ἀνθρώπους
1031 2180 1192 2224 ἀδικεῖν,
1226 2178 1315 2219 τοὺς
1352 2180 1393 2217 δὲ
1433 2177 1596 2228 παρείας

265 2249 404 2290 αὐτοὺς
429 2248 520 2289 τοὺς
545 2247 650 2300 ἔχεις
677 2247 910 2287 κατεσθίειν.
974 2238 1134 2302 [Harp.
1155 2261 1187 2287 S.
1207 2261 1244 2286 τ’.
1270 2248 1424 2295 παρεῖαι
1450 2233 1597 2298 ὄφεις]

334 2315 397 2355 81.
439 2315 638 2367 Βουφόνια
661 2312 818 2366 (ἑορτή).
889 2306 1047 2371 [Harp.
1070 2327 1102 2356 S.
1119 2303 1176 2368 v.]
1542 2318 1545 2319 ⁷

293 2425 334 2463 76
359 2424 399 2456 δι’
417 2424 435 2456 ἃ
451 2423 585 2464 τούτου]
604 2424 654 2456 διὰ
670 2422 794 2456 τούτων
812 2422 866 2454 vel
884 2423 931 2454 διὸ
948 2421 1064 2454 τούτου
1081 2420 1193 2460 codd„
1212 2430 1296 2451 corr.
1318 2419 1424 2459 Bake,
1447 2419 1583 2459 Sauppe
