1843 2788
563 138 726 175 ΥΠΕΡ
776 136 1200 178 ΕΎΞΕΝΙΠΠΟΎ
1568 139 1623 177 IV

289 239 441 294 Κακ[ῶς
465 240 567 294 ἐ]μοὶ
592 244 718 284 δοκεῖς
738 241 894 289 εἰδέναι,
916 239 945 281 ὦ
965 242 1205 288 Πολύευκτε,
1229 238 1305 293 κ[αὶ
1331 238 1397 294 σὺ]
1417 241 1478 282 καὶ
1504 242 1539 281 οἱ
1571 252 1615 287 33

221 308 341 349 ταύτὰ
356 305 687 361 γι[γνώσκο]ντες,
705 308 766 349 ὅτι
785 305 888 360 οὕ[τε
913 309 1033 359 δῆμός
1054 306 1180 361 ἐ]στιν
1205 305 1306 360 οὐδ[ὲ
1333 306 1401 360 εἷς]
1427 309 1469 349 ἐν
1493 313 1541 364 τῇ

222 374 428 431 οἰκουμένῃ
453 375 541 416 οὔτε
572 375 772 428 μόναρχος
802 375 889 416 οὔτε
918 375 1029 417 ἔθνος
1059 376 1440 428 μεγαλοψυχότερον
1474 377 1542 414 τοῦ
1573 370 1661 425 [col.
1687 375 1735 409 26

222 440 343 492 δήμου
358 445 426 481 τοῦ
442 441 674 492 Ἀθηναίων,
692 442 781 483 τοὺς
797 443 837 482 δὲ
859 441 1252 494 συκοφαντουμένους
1271 445 1349 482 τῶν
1368 444 1541 482 πολιτῶν

187 509 297 554 ζὺπό
327 524 444 548 τινων
472 504 495 557 ἢ
528 507 611 548 καθ’
636 508 705 548 ἕνα
737 505 760 557 ἦ
793 507 934 560 ἅθρους
966 509 1010 549 οὐ
1039 507 1216 561 προΐεται
1248 509 1354 548 ἀλλὰ
1385 509 1539 559 βοηθεῖ.

223 575 285 615 καὶ
304 578 458 626 πρῶτον
482 576 554 625 μὲν
572 576 756 616 Τείσιδος
780 578 848 614 τοῦ
873 574 1118 627 Ἀγρυλῆθεν
1143 573 1452 627 ἀπογράψαντος
1471 573 1542 624 τὴν
1571 585 1616 621 34

224 640 491 692 Εὐθυκράτους
516 641 656 682 οὐσίαν
688 641 738 683 ὡς
766 641 960 692 δημοσίαν
988 641 1125 688 οὖσαν,
1151 640 1174 691 ἣ
1201 642 1379 682 πλεόνων
1405 637 1427 690 ἣ
1453 638 1540 690 ἑξή-

224 723 340 748 κοντα
371 706 576 748 ταλάντων
607 706 666 757 ἦν,
695 708 757 748 καὶ
784 707 867 758 μετ’
893 708 1044 758 ἐκείνην
1074 707 1194 748 πάλιν
1223 706 1543 760 ὑπισχνουμένου

223 774 294 823 τὴν
327 775 531 814 Φιλίππου
566 774 626 814 καὶ
651 773 925 816 Ναυσικλέους
958 772 1222 826 ἀπογράψειν,
1259 774 1320 814 καὶ
1353 773 1543 825 λέγοντος

225 840 275 882 ὡς
295 839 341 890 ἐξ
357 839 652 892 ἀναπογράφων
670 839 880 892 μετάλλων
897 839 1206 890 πεπλουτήκασι,
1225 843 1417 880 τοσοῦτον
1437 840 1544 879 οὗτοι

225 905 418 947 ἀπέλιπον
437 904 520 957 [τοῦ
545 899 781 958 πρῙοσέσθαι
799 908 886 947 τινὰ
905 903 1112 958 τ[οιοῦτο]ν
1137 907 1260 958 λόγον
1279 903 1302 956 τ’)
1322 911 1399 947 τῶν
1420 907 1541 946 ἀλλο-
1575 903 1663 957 [col.
1689 910 1736 943 27

225 975 340 1024 τρίων
359 975 573 1023 ἐπιθυμεῖν,
593 973 697 1013 ὥστε
716 972 785 1013 τὸν
806 971 1097 1025 ἐγχειρήσαντα
1118 977 1384 1026 συκοφαντεῖν
1404 973 1543 1013 αὐτοὺς

225 1038 336 1082 εὐθὺς
369 1039 585 1090 ἠτίμωσαν,
620 1038 663 1079 τὸ
699 1038 877 1090 πέμπτον
914 1038 1030 1091 μέρος
1063 1043 1140 1080 τῶν
1164 1038 1318 1091 ψήφων
1349 1039 1393 1079 οὐ
1425 1056 1541 1090 μετα-

226 1107 370 1148 οόντες.
441 1110 553 1146 τοῦτο
583 1105 628 1152 δ’,
656 1107 688 1147 εἰ
721 1106 874 1156 βούλει,
901 1104 945 1145 τὸ
976 1106 1110 1157 πρώην
1139 1105 1215 1146 ὑπὸ
1244 1110 1320 1146 τῶν
1350 1109 1544 1146 δικαστῶν
1574 1117 1616 1153 35

226 1174 402 1225 πραχθὲν
416 1176 484 1212 τοῦ
503 1171 733 1222 ἐξελθόντος
750 1171 874 1224 μηνὸς
893 1175 974 1214 πῶς
995 1173 1040 1213 οὐ
1058 1171 1234 1225 μεγάλου
1253 1173 1415 1213 ἐπαίνου
1434 1171 1545 1222 ἄξιόν

226 1240 330 1285 ἐστι,·
359 1238 557 1291 φήναντος
576 1240 651 1291 γὰρ
670 1238 902 1291 Λυσάνδρου
921 1238 965 1279 τὸ
983 1238 1240 1291 Ἐπικράτους
1258 1238 1460 1289 μέταλλον
1479 1243 1546 1278 τοῦ

228 1305 472 1355 Παλληνέως
496 1302 583 1358 (ὡς)
609 1304 720 1347 ἐντὸς
749 1309 827 1346 τῶν
854 1304 1006 1357 μέτρων
1031 1304 1282 1357 τετμημένον,
1310 1304 1330 1345 ὃ
1354 1304 1545 1357 ἠργάζετο

226 1374 296 1422 μὲν
321 1371 392 1422 ἤδη
419 1372 505 1424 τρία
530 1373 608 1423 ἔτη,
635 1375 818 1425 μετεῖχον
843 1371 874 1411 δ’
895 1372 1012 1412 αὐτοῦ
1031 1373 1067 1413 οἱ
1086 1372 1379 1413 πλουσιώτατοι
1399 1371 1546 1425 σχεδόν

227 1455 264 1478 τι
292 1442 370 1478 τῶν
399 1439 441 1479 ἐν
470 1444 518 1495 τῇ
546 1439 673 1484 πόλει,
702 1439 722 1477 ὁ
749 1440 791 1479 δὲ
817 1438 1048 1490 Λύσανδρος
1078 1439 1311 1492 ὑπισχνεῖτο
1341 1438 1547 1490 τριακόσια

172 1519 185 1539 2
228 1503 402 1545 τάλαντα
427 1502 685 1557 εῑσ[πράξει]ν
704 1506 750 1561 τῇ
770 1505 885 1546 πόλει
903 1502 1121 1556 (τ[οσαῦτα]
1141 1507 1216 1557 γὰρ
1237 1504 1446 1557 εἰληφέναι
1465 1501 1547 1555 aff)-

227 1571 328 1626 τοὺς,
353 1572 395 1612 ἐκ
420 1575 488 1612 τοῦ
511 1569 738 1622 μετάλλου)·
777 1570 868 1611 ἀλλ’
893 1572 997 1622 ὅμως
1022 1573 1058 1612 οἱ
1083 1571 1264 1612 δικασταὶ
1289 1571 1332 1611 οὐ
1358 1570 1453 1623 πρὸς
1478 1572 1547 1612 τὰς
1578 1565 1666 1619 [ΟΟῙ·
1692 1570 1740 1605 28

226 1641 293 1677 τοῦ
332 1638 549 1690 κατηγόρου
585 1636 828 1691 ὑποσχέσεις
868 1637 1184 1689 ἀποβλέποντες,
1226 1639 1332 1678 ἀλλὰ
1370 1637 1466 1689 πρὸς
1504 1636 1548 1677 τὸ
1577 1630 1595 1664 3

227 1704 388 1750 δίκαιον,
407 1705 588 1756 ἔγνωσαν
607 1706 706 1745 ’ίὸιον
727 1705 825 1746 εἶναι
844 1704 888 1745 τὸ
913 1703 1124 1756 μέταλλον,
1149 1705 1210 1745 καὶ
1235 1705 1281 1761 τῇ
1305 1703 1400 1760 αὐτῇ
1419 1702 1547 1758 ψήφῳ

227 1770 296 1812 τάς
334 1788 377 1811 τε
416 1770 553 1813 οὐσίας
589 1771 715 1812 αὐτῶν
751 1772 794 1812 ἐν
831 1772 1036 1825 ἀσφαλείᾳ
1075 1770 1338 1822 κατέστησαν,
1379 1772 1440 1811 καὶ
1478 1770 1549 1821 τὴν

195 1856 208 1874 ;
227 1837 445 1878 ὑπόλοιπον
471 1838 662 1889 ἐργασίαν
686 1841 754 1878 τοῦ
778 1837 978 1889 μετάλλου
1003 1838 1273 1889 ἐβεβαίωσαν.
1343 1841 1549 1889 τοιγαροῦν

229 1905 268 1944 αἱ
299 1905 540 1955 καινοτομίαι
571 1902 645 1956 (αἱ)
676 1905 866 1956 πρότερον
897 1903 1198 1955 ἐκλελειμμέναι
1228 1906 1291 1945 διὰ
1320 1903 1390 1945 τὸν
1414 1904 1549 1956 φόβον

228 1973 295 2011 νῦν
326 1971 490 2023 ἐνεργοί,
519 1971 581 2011 καὶ
610 1973 679 2022 τῆς
709 1972 862 2013 πόλεως
891 1972 930 2012 αἱ
960 1971 1149 2024 πρόσοδοι
1178 1973 1217 2012 αἱ
1249 1972 1396 2012 ἐκεῖθεν
1427 1969 1549 2011 πάλιν

228 2034 422 2087 αὔξονται,
449 2038 494 2080 ἃς
518 2037 765 2089 ἐλυμήναντό
793 2055 896 2080 τινες
925 2041 1003 2079 τῶν
1030 2038 1205 2091 ῥητόρων
1231 2035 1549 2089 ἐξαπατήσαντες

274 2136 288 2170 Ἰ
325 2144 428 2173 κακῶς
461 2142 529 2181 ἐμοὶ
561 2142 645 2174 Cb.:
683 2145 784 2174 κακῶς
814 2155 866 2181 μοι
900 2141 950 2172 B:
986 2145 1087 2174 κακῶς
1119 2143 1146 2173 δ’
1178 2143 1246 2181 ἐμοὶ
1280 2142 1428 2181 Kayser,
1461 2142 1549 2181 quod

229 2185 348 2216 lacuna
364 2195 432 2215 non
450 2185 550 2224 capit.
597 2185 689 2216 Ante
707 2189 809 2217 κακῶς
826 2186 968 2224 spatium
986 2190 1038 2216 est
1055 2185 1088 2215 in
1105 2195 1236 2225 papyro
1335 2186 1387 2217 καὶ
1401 2186 1441 2217 σὺ
1464 2209 1471 2215 .
1506 2208 1512 2215 .
1543 2210 1549 2217 .

227 2229 468 2268 ’γιγνώσκοντες
486 2229 523 2260 C.
545 2228 668 2260 Mfiller
784 2238 798 2259 2
818 2231 892 2261 οὔτε
909 2252 915 2258 .
937 2253 943 2259 .
965 2252 971 2258 .
994 2228 1037 2261 εἷς
1051 2229 1259 2269 Comparetti
1278 2228 1306 2259 B
1325 2240 1332 2259 ε
1361 2232 1433 2260 οὔτε
1457 2228 1549 2260 πόλις

229 2272 320 2303 ἐστὶν
342 2272 472 2311 οὐδεμία
497 2272 681 2312 Lightfoot,
699 2272 758 2303 Cb.
897 2282 930 2301 11
951 2274 1008 2304 τοῦ
1032 2272 1206 2314 προσέσθαι
1232 2272 1400 2313 Spengel:
1428 2276 1551 2304 -οεσθαι

227 2314 295 2355 3³3
315 2325 399 2346 corr.
420 2314 471 2353 ,ΕΙ
576 2318 722 2348 τοιοῦτον
741 2316 820 2346 Bab.
932 2326 966 2354 17
985 2317 1025 2348 ὡς
1041 2316 1117 2347 add.
1137 2316 1196 2347 Cb.
1303 2326 1344 2346 20
1371 2315 1552 2357 εἰσπράξειν

229 2358 471 2390 Schneidewin
563 2362 708 2392 τοσαῦτα
725 2359 805 2390 Bab.
904 2359 1016 2391 αὐτοὺς
1031 2359 1090 2390 Cb.
1197 2360 1238 2389 26
1263 2360 1293 2391 αἱ
1309 2360 1383 2390 add.
1404 2359 1463 2390 Cb.

270 2423 352 2445 HYP.
1401 2430 1418 2443 ι)
