1843 2788
131 131 188 168 IV

151 445 195 479 30

29 501 100 539 col.
126 496 194 549 23]

155 1049 194 1082 31

33 1105 105 1142 col.
131 1101 198 1154 24]

161 1648 204 1682 32

41 1765 115 1803 col.
139 1762 205 1815 25]

696 129 1057 166 THEPEIAOT

222 232 386 277 πόλεως,
406 232 514 271 εἷλον
533 232 575 271 ἐν
594 234 645 285 τῷ
666 232 916 285 δικαστηρίῳ,
937 233 998 272 καὶ
1016 232 1088 282 τὴν
1105 233 1362 284 εἰσαγγελίαν
1381 233 1540 285 ἔγραψα

223 299 375 338 δικαίαν
402 297 464 337 καὶ
489 297 623 348 ὥσπερ
644 298 664 336 ὁ
682 298 801 348 νόμος
826 298 988 343 κελεύει,
1018 297 1188 350 ’ῥήτορα
1212 300 1307 339 ὄντα
1329 298 1464 351 λέγειν
1487 299 1540 350 μὴ

222 365 271 403 τὰ
295 363 438 415 ἄριστα
462 367 513 417 τῷ
540 362 645 418 δήμῳ
670 367 723 418 τῷ
750 363 970 414 Ἀθηναίων
993 358 1460 417 χρήματαξλαμβάνοντα
1480 366 1542 406 καὶ

225 432 370 481 δωρεᾶς
395 431 498 481 παρὰ
522 434 599 470 τῶν
625 431 812 471 τάναντία
837 432 1088 483 πραττόντων
1118 435 1169 486 τῷ
1200 431 1334 486 δήμῳ·’
1374 432 1436 472 καὶ
1454 431 1540 473 ὀὐδ’

225 497 346 538 οὕτως
370 495 576 549 ἀπέχρησέ
599 513 665 547 μοι
689 496 759 546 τὴν
789 497 1046 549 εἰσαγγελίαν
1075 500 1218 544 δοῦναι,
1246 497 1336 538 ἀλλ’
1361 497 1542 539 ὑποκάτω
1561 516 1578 548 5

226 562 478 614 παρέγραψα·
521 561 631 602 ’τάδ’
665 563 773 604 εἶπεν
805 563 850 603 οὐ
881 564 930 602 τὰ
962 563 1103 615 ἄριστα
1135 569 1188 619 τῷ
1221 564 1327 619 δήμῳ
1361 565 1543 618 χρήματα

226 628 394 679 λαβώνῖ
434 628 518 670 εἶτα
555 628 598 668 τὸ
638 629 834 681 ψήφισμα
876 630 993 670 αὐτοῦ
1030 629 1256 682 ὑπέγραψα·
1307 632 1368 671 καὶ
1406 630 1540 678 πάλιν,

229 695 346 736 ίτάδε
380 695 487 736 εἶπεν
517 695 561 735 οὐ
589 697 636 735 τὰ
667 695 809 747 ἄριστα
842 700 893 750 τῷ
928 695 1034 751 δήμῳ
1068 695 1251 750 χρήματα
1282 697 1450 748 λαβών,’
1482 698 1544 737 καὶ

228 762 271 802 τὸ
296 761 492 814 ψήφισμα
519 762 789 814 παρέγραφον.
862 763 924 803 καὶ
950 763 1037 803 ἔστι
1065 780 1131 813 μοι
1160 763 1342 805 πεντάκις
1366 761 1388 813 ἢ
1416 763 1545 814 ἑξάκις

228 826 342 868 τοῦτο
367 828 654 880 γεγραμμένον·
694 830 843 869 δίκαιον
868 830 943 881 γὰρ
972 828 1080 884 ᾤμην
1113 832 1193 870 δεῖν
1222 829 1290 870 τὸν
1320 830 1454 882 ἀγῶνα
1484 830 1545 870 καὶ
1567 849 1605 871 10

229 894 299 944 τὴν
333 895 463 946 κρίσιν
495 898 672 945 ποιῆσαι.
744 895 794 936 σὺ
827 895 859 936 δ’
885 896 909 936 ἃ
940 897 1012 946 μὲν
1045 897 1168 937 εἰπεῖν
1194 895 1444 947 Εὐξένιππον
1468 896 1547 949 φὴς

229 961 273 1001 οὐ
292 963 339 1001 τὰ
359 960 501 1013 ἄριστα
515 965 568 1016 τῷ
589 961 708 1016 δήμῳ,
727 962 794 1002 οὐκ
816 962 919 1015 εἶχες
939 962 1091 1015 γράψαι
1111 964 1165 1005 εἰς
1183 963 1254 1013 τὴν
1274 965 1544 1015 εἰσαγγελίαν,

231 1028 386 1078 ἰδιώτην
412 1027 444 1067 δ’
470 1030 566 1069 ὄντα
590 1030 732 1080 κρίνεις
757 1030 799 1069 ἐν
824 1029 870 1085 τῇ
896 1032 963 1069 τοῦ
986 1028 1148 1081 ῥήτορος
1172 1028 1293 1080 τάξει.
1363 1031 1481 1081 μικρὰ
1506 1032 1548 1070 δὲ

230 1095 317 1146 περὶ
337 1097 404 1144 τῆς
428 1096 673 1147 ἀντιγραφῆς
693 1095 825 1141 εἰπών,
848 1094 982 1147 ἑτέρας
1002 1096 1126 1137 αἰτίας
1146 1096 1207 1136 καὶ
1232 1097 1426 1147 διαβολὰς
1444 1096 1549 1147 ἥκεις

231 1160 364 1214 φέρων
391 1160 471 1201 κατ’
497 1162 627 1208 αὐτοῦ,
654 1161 784 1214 λέγων
811 1162 861 1203 ὡς
887 1165 1083 1202 Φιλοκλεῖ
1104 1161 1175 1212 τὴν
1200 1162 1394 1215 θυγατέρα
1424 1163 1549 1204 ἐδίδου
1570 1182 1606 1214 15

232 1228 294 1268 καὶ
321 1229 575 1278 Δημοτίωνος
605 1230 758 1269 δίαιταν
787 1228 949 1279 ἔλαβεν,
978 1228 1040 1268 καὶ
1067 1228 1195 1271 ἄλλας
1223 1229 1401 1270 τοιαύτας
1433 1246 1546 1279 κατη-

231 1295 378 1346 γορίας,
407 1294 457 1334 ἵν’
478 1296 546 1334 ἐὰν
571 1297 642 1345 μὲν
668 1294 861 1347 ἀφέμενοι
884 1297 953 1345 τῆς
979 1296 1234 1347 εἰσαγγελίας
1261 1297 1348 1347 περὶ
1372 1299 1450 1336 τῶν
1475 1294 1549 1346 ἔξω

232 1364 299 1401 τοῦ
338 1360 567 1412 πράγματος
607 1360 951 1414 κατηγορηθέντων
991 1363 1281 1414 ἀπολογῶνται,
1321 1363 1551 1403 ἀπαντῶσιν

233 1427 363 1469 αὐτοῖς
397 1429 432 1468 οἱ
465 1429 660 1468 δικασταί·
697 1429 737 1468 τί
766 1427 873 1468 ταῦθ’
905 1428 997 1479 ἡμῖν
1029 1427 1186 1480 λέγετε,·
1224 1430 1293 1469 ἐὰν
1326 1430 1369 1469 δὲ
1403 1428 1553 1480 μηδένα

233 1494 357 1545 λόγον
383 1495 469 1545 περὶ
496 1495 621 1535 αὐτῶν
641 1498 841 1541 ποιῶνται,
863 1495 883 1534 ὁ
902 1495 1009 1547 ἀγὼν
1035 1494 1165 1537 αὐτοῖς
1190 1496 1333 1549 χείρων
1356 1496 1551 1548 γίγνηται.
1574 1515 1613 1537 20

234 1564 311 1600 τῶν
344 1562 419 1612 γὰρ
452 1561 797 1613 κατηγορηθέντων
826 1561 870 1601 τὸ
903 1561 954 1612 μὴ
984 1561 1116 1612 λαβὸν
1149 1562 1371 1614 ἀπολογίαν
1399 1561 1474 1603 ὑπὸ
1506 1561 1552 1617 τῇ

235 1627 330 1682 ὀργῇ
363 1631 441 1668 τῶν
472 1630 669 1668 δικαστῶν
706 1627 994 1669 καταλείπεται.
1067 1628 1128 1668 καὶ
1161 1628 1204 1669 τὸ
1237 1627 1395 1669 πάντων
1428 1628 1551 1669 δεινό-

235 1710 354 1734 τατον
379 1698 457 1734 τῶν
483 1696 523 1734 ἐν
548 1698 600 1748 τῷ
625 1695 733 1749 λόγῳ
759 1694 987 1747 λεγομένων
1016 1694 1090 1735 ὑπὸ
1121 1698 1205 1741 σοῦ,
1235 1694 1255 1735 δ
1280 1695 1330 1735 σὺ
1356 1694 1434 1749 ᾤου
1458 1700 1552 1735 λαν-

237 1759 368 1801 θάνειν
393 1762 447 1801 ὧν
473 1761 587 1802 ἕνεκα
615 1760 759 1814 λέγεις,
786 1761 830 1801 οὐ
859 1760 1080 1808 λανθάνων,
1109 1762 1227 1802 ὁπότε
1257 1761 1556 1814 παραφθέγγοιο

237 1828 279 1867 ἐν
308 1827 360 1881 τῷ
389 1827 496 1881 λόγῳ
531 1826 736 1874 πολλάκις,
764 1827 815 1869 ὡς
847 1828 1040 1870 πλούσιός
1070 1829 1180 1869 ἐστιν
1206 1826 1467 1877 Εὐξένιππος,
1494 1828 1557 1868 καὶ
1577 1848 1615 1879 25

238 1892 358 1934 πάλιν
392 1894 595 1940 διαλιπών,
624 1894 674 1936 ὡς
707 1894 775 1934 οὐκ
809 1895 850 1934 ἐκ
883 1896 1032 1935 δικαίου
1065 1894 1222 1945 πολλὴν
1254 1895 1393 1936 οὐσίαν
1427 1895 1555 1935 συνεί-

237 1966 386 2000 λεκται·
425 1961 449 2000 ἃ
474 1962 528 2002 εἰς
552 1963 624 2012 μὲν
648 1964 716 2001 τὸν
741 1962 875 2013 ἀγῶνα
898 1965 1037 2002 τοῦτον
1057 1961 1168 2002 οὐδὲν
1194 1960 1317 2011 δήπου
1336 1961 1459 2008 ἐστίν,
1481 1962 1559 2001 εἴτε

238 2028 371 2066 πολλὰ
396 2027 507 2068 οὗτος
533 2026 715 2077 κέκτηται
740 2029 817 2068 εἴτε
841 2028 971 2080 ὀλίγα,
998 2031 1065 2068 τοῦ
1090 2030 1131 2068 δὲ
1155 2027 1344 2080 λέγοντος
1374 2028 1560 2078 κακοηθία

240 2093 302 2133 καὶ
334 2093 537 2146 ὑπόληψις
570 2095 624 2136 εἰς
653 2094 742 2136 τοὺς
771 2096 959 2136 δικαστὰς
989 2094 1033 2134 οὐ
1065 2095 1205 2141 δικαία,
1233 2094 1284 2137 ὡς
1313 2094 1459 2134 ἄλλοθί
1486 2110 1561 2134 που

239 2159 346 2200 οὗτοι
370 2160 441 2210 τὴν
465 2160 625 2212 γνώμην
650 2160 698 2202 ἂν
724 2162 925 2214 σχοίησαν
951 2158 974 2211 ἢ
1000 2160 1062 2202 ἐπ’
1087 2161 1204 2201 αὐτοῦ
1228 2165 1296 2201 τοῦ
1319 2160 1558 2213 πράγματος,
1579 2182 1621 2213 30

241 2226 303 2266 καὶ
327 2227 494 2278 πότερον
519 2229 646 2268 ἀδικεῖ
666 2229 765 2278 ὑμᾶς
791 2229 810 2267 ὁ
837 2228 1062 2279 κρινόμενος
1085 2224 1109 2277 ἦ
1134 2228 1190 2268 οὔ.

286 2345 305 2374 5
339 2344 589 2378 εισαγγελιαναν
612 2336 662 2375 Β,
688 2351 726 2369 αν
750 2337 814 2368 del.
843 2338 925 2368 Bab.
1080 2348 1116 2377 17
1148 2343 1224 2377 post
1249 2338 1400 2380 ἀφέμενοι
1423 2337 1564 2369 fortasse

243 2379 369 2411 excidit
386 2381 415 2412 οἱ
431 2379 507 2421 ὑπὲρ
527 2382 622 2412 αὐτοῦ
640 2381 895 2423 ἀπολογούμενοι
912 2381 964 2411 vel
981 2380 1090 2412 Simile
1110 2381 1236 2421 aliquid

1822 626 1827 699 —-—
1814 553 1829 616 -ὂῖῗ
