1843 2788
386 129 475 169 EX
519 127 1009 169 ORATIONIBVS
1055 126 1494 168 DEPERDITIS

347 238 409 278 82.
448 236 795 290 θριπήδεστον·(;
814 234 1134 288 διεφθαρμένην).
1207 233 1360 291 [Harp.
1382 252 1413 279 S.
1431 231 1486 286 fn]

348 304 410 351 83.
450 302 558 353 Λητὴ
582 302 714 353 (πόλις
738 304 806 352 τῆς
833 302 1104 353 Μακεδονίας).
1178 298 1336 357 [Harp.
1359 318 1390 345 s.
1409 298 1463 353 fn]

348 370 410 415 84.
449 369 694 421 Μηκύβερνα
716 367 847 419 (πόλις
871 370 913 409 ἐν
940 365 1108 424 Θρᾴκῃ).
1181 364 1337 423 [Hal‘p.
1359 383 1391 410 s,
1410 364 1467 418 v]

347 436 409 481 85.
447 439 694 486 παλαμναῖος
721 434 781 486 (=
799 434 888 476 τοὺς
920 434 1146 488 αὐτοχειρίᾳ
1175 434 1282 475 τινας
1313 433 1530 475 ἀνελόντας
1558 439 1605 490 τῇ

280 499 469 557 παλάμῃ).
541 498 699 556 [Harp.
721 517 752 545 S.
771 497 825 552 v]

349 568 411 608 86.
447 566 705 622 ῥᾳδιεστέραν
731 566 801 617 τὴν
826 568 956 607 πόλιν.
1029 563 1207 619 [Athen.
1231 582 1274 617 X,
1298 582 1338 621 p.
1360 580 1445 617 424
1462 561 1523 617 D]

627 667 703 690 XXI.
753 665 859 691 ΚΑΤΑ
891 664 1066 691 ΔΗΜΕΟΎ
1099 662 1256 691 ΞΕΝῙΑΣ.

830 715 876 754 (εἴ
891 713 1053 755 γνήσιος.)

349 776 412 822 87.
449 776 684 828 ὀσχοφόροι.
756 771 911 831 [Harp.
933 791 965 818 s,
984 771 1038 826 τη]

349 842 411 882 88.
452 843 725 894 δειπνοφόρος.
797 837 954 895 [Harp.
974 857 1008 884 s.
1026 837 1081 892 th]

349 909 412 955 89.
451 909 560 960 κυρία
584 908 789 958 ἐκκλησία.
861 903 1017 962 [Harp.
1039 923 1071 950 s,
1089 903 1143 958 za]

349 986 413 1021 90.
450 977 628 1014 Χαλκεῖα
650 971 806 1025 (ἑορτή).
877 969 1032 1028 [Harp.
1054 989 1085 1016 s.
1103 969 1158 1024 v]

350 1053 413 1088 91.
447 1041 491 1082 οὗ
521 1040 732 1091 σιωπήσει,
757 1039 970 1091 μειράκιον,
996 1039 1130 1089 μεῖζον
1158 1040 1228 1088 τῆς
1257 1041 1401 1090 μητρὸς
1431 1038 1536 1090 ἔχων
1563 1036 1608 1076 τὸ

283 1108 469 1161 φύσημα;
535 1103 716 1159 [Athen.
739 1108 827 1157 xiii,
852 1121 892 1161 p.
915 1119 993 1160 591
1016 1101 1087 1157 F..]
1145 1107 1235 1148 Vix
1259 1121 1315 1147 ex
1338 1107 1543 1146 oratione.

710 1206 802 1229 XXII.
850 1203 956 1230 ΠΡΟΣ
989 1203 1173 1229 ΔΗΜΕΑΝ.

352 1273 415 1309 92.
454 1262 659 1302 Λουσιεύς.
730 1256 887 1314 [Harp.
910 1276 941 1302 s.
960 1255 1014 1310 tn]

353 1341 416 1376 93.
455 1325 784 1377 σκευοποιήματα.
857 1322 1031 1378 [Pollux
1055 1342 1097 1369 X.
1126 1321 1205 1379 15]

526 1426 633 1450 xxm.
683 1423 788 1450 ΚΑΤΑ
822 1421 1062 1450 ΔΗΜΗΤΡῙΑΣ
1094 1420 1366 1450 ΑΠΟΣΤΑΣΙΟὙ.

356 1484 482 1525 Hanc
499 1483 741 1523 orationem
761 1481 955 1522 nominat
974 1480 1017 1520 H
1023 1494 1124 1534 arp„
1138 1494 1171 1521 s.
1186 1495 1224 1521 v.
1241 1478 1491 1519 ἀποστασίου
1511 1478 1609 1528 δίκη.

647 1580 750 1604 xxiv.
797 1577 901 1604 TnEP
933 1575 1252 1603 ΔΗΜΟΠΟΙΗΤΟΎ.

836 1626 880 1667 (εἰ
894 1625 1057 1667 γνήσιος.)

354 1704 416 1738 94.
453 1690 529 1742 (ὅτι
544 1689 696 1731 τούτοις
711 1691 833 1739 μετῆν
849 1691 918 1739 τῆς
933 1687 1147 1733 πολιτείας,
1168 1687 1225 1729 οἷς
1242 1686 1289 1737 ἦν
1307 1686 1405 1728 Ζεὺς
1419 1681 1610 1738 (Ερκεῖος,

286 1757 483 1808 δεδήλωκε
510 1756 572 1797 καὶ
596 1753 713 1805 Ὕπ.>.
785 1751 943 1809 [Harp.
965 1771 996 1798 s.
1014 1770 1052 1797 v.
1078 1750 1255 1805 ἑρκεῖος.]

710 1855 797 1878 XXV.
847 1852 952 1880 ΠΡΟΣ
986 1851 1185 1878 ΔῙΩΝΔΑΝ.

356 1922 419 1959 95.
455 1910 602 1962 (μηνύω
642 1909 780 1951 καύτὸς
811 1908 1043 1960 ’Ὑπερείδην
1077 1907 1146 1948 τὸν
1185 1907 1305 1948 καλὸν
1339 1908 1473 1947 πολλὰ
1508 1909 1613 1959 παρὰ

289 1977 572 2030 Δημοσθένους
606 1977 842 2028 κεκλοφότα,
876 1975 917 2016 ἔν
947 1992 988 2015 τε
1022 1977 1073 2028 τῷ
1108 1973 1203 2025 πρὸς
1234 1978 1282 2014 Δ.
1313 1974 1422 2028 λόγῳ
1456 1973 1527 2013 κᾶν
1560 1977 1612 2028 τῷ

287 2046 375 2097 περὶ
394 2049 472 2085 τῶν
493 2043 703 2094 Εὐβούλου
723 2039 904 2094 δωρεῶν).
956 2038 1197 2093 [Eusebius‚
1210 2042 1423 2095 Praepar.
1436 2042 1481 2081 E
1485 2055 1612 2095 vcmg‘.

287 2129 330 2157 x.
353 2108 407 2168 3.]

357 2178 420 2225 96.
457 2177 559 2228 (περὶ
583 2178 652 2226 τῆς
676 2175 807 2228 μάχης
826 2174 922 2226 πρὸς
942 2173 1252 2224 Αακεδαιμονίας
1277 2174 1345 2223 τῆς
1370 2173 1413 2213 ἐν
1435 2173 1612 2227 Κορίνθῳ

286 2244 377 2285 Ὕπ.
404 2241 583 2296 εἴρηκεν).
645 2238 807 2294 [Schol.
825 2244 880 2284 ad
904 2242 1032 2284 Dem.
1050 2241 1148 2284 adv.
1167 2241 1287 2294 Lept.
1311 2241 1417 2294 §59‚
1435 2255 1473 2294 p.
1491 2238 1610 2296 472]

333 2353 372 2382 91
413 2341 511 2372 Hanc
540 2341 732 2372 citationem
762 2339 852 2370 delet
882 2339 921 2379 B,
948 2343 1114 2378 tamquam
1143 2347 1210 2368 non
1240 2347 1283 2368 ex
1312 2337 1465 2368 oratione
1493 2337 1553 2367 sed
1580 2340 1614 2367 ut

290 2386 540 2426 apophthegma
565 2384 700 2424 aliquod
725 2382 860 2414 allatam
