1843 2788
147 138 205 175 111

69 1167 142 1205 col.
161 1165 200 1218 4]

158 1910 200 1934 10

710 135 1074 173 ΥΠΕΡΕΙΔΟΎ

233 240 324 290 ἔφη,
352 238 401 277 σὺ
432 237 613 293 ἀναδέξῃ·
651 238 761 278 ἔστιν
786 240 828 277 δὲ
856 240 974 289 μικρὰ
1004 241 1142 295 κομιδῇ
1173 240 1234 279 καὶ
1265 243 1401 293 πολλῷ
1428 241 1552 279 πλείω

233 305 377 356 φορτία
414 305 525 344 ἐστὶν
560 304 707 344 τούτων
744 305 785 344 ἐν
818 307 869 358 τῷ
907 305 1164 359 ἐργαστηρίῳ,
1197 305 1320 356 μύρον
1356 306 1418 345 καὶ
1455 305 1551 345 ἀλά-

231 375 404 421 βαστροι
442 371 504 410 καὶ
538 371 694 422 ζμύρνα,
729 370 791 410 καὶ
827 369 917 409 ἄλλ’
946 369 1044 410 ἄττα
1079 371 1251 422 ὀνόματα
1285 371 1428 423 λέγων,
1464 372 1554 412 ὅθεν

232 436 359 477 πάντα
405 439 526 476 ταῦτα
573 433 884 487 δ[ιαλυθ]ήσεται
929 436 1082 490 ῥᾳδίως.
1153 436 1201 486 ἧν
1243 436 1297 483 δέ,
1342 435 1371 477 ὦ
1418 437 1555 489 ἄνδρες

230 504 424 549 δικασταί,
463 502 514 544 ὣς
550 503 688 549 ἔοικεν,
727 503 894 542 ἐνταῦθα
927 502 950 552 ἡ
985 502 1178 553 ἐπιβουλὴ
1214 504 1275 543 καὶ
1310 503 1354 544 τὸ
1387 503 1554 554 πλάσμα
1574 521 1591 552 5

230 568 274 608 τὸ
298 568 413 621 μέγα.
474 570 507 609 εἰ
530 570 603 619 μὲν
628 570 702 620 γὰρ
728 567 788 608 ἐπ’
815 570 1017 622 ἐλευθερίᾳ
1042 569 1334 620 καταβάλλοιμι
1358 569 1485 610 αὐτῶν
1509 570 1554 609 τὸ

231 635 426 687 ἀργύριον,
457 638 569 674 τοῦτο
598 635 719 685 μόνον
749 634 962 675 ἀπώλλυον
991 634 1011 674 ὃ
1041 635 1150 685 δοίην
1180 635 1295 690 αὐτῷ,
1326 636 1418 676 ἀλλ’
1443 635 1554 676 οὐδὲν

231 700 358 741 δεινὸν
378 701 572 754 ἔπασχον·
611 702 644 741 εἰ
669 703 711 741 δὲ
731 702 918 752 πριαίμην
939 701 1016 757 ὠνῇ
1038 702 1100 741 καὶ
1120 700 1276 753 πράσει,
1299 701 1554 755 ὁμολογήσας

230 767 332 821 αὐτῷ
357 769 406 807 τὰ
430 767 528 821 χρέα
552 766 832 818 ἀναδέξασθαι,
856 767 907 809 ὡς
932 767 1091 809 οὐθενὸς
1110 766 1200 817 ἄξια
1218 769 1324 814 ὄντα,
1346 770 1409 808 διὰ
1433 768 1477 808 τὸ
1501 769 1553 819 μὴ

230 833 463 885 προειδέναι,
479 832 636 883 ἐπάξειν
650 850 717 884 μοι
731 833 900 884 ἔμελλεν
915 834 1081 886 ὕστερον
1095 833 1184 875 τοὺς
1198 833 1376 886 χρήστας
1391 834 1452 874 καὶ
1466 835 1555 875 τοὺς
1577 851 1615 873 10

230 901 438 952 πληρωτὰς
467 903 544 940 τῶν
574 899 723 952 ἐράνων
747 901 790 940 ἐν
815 900 1006 954 ὁμολογίᾳ
1035 901 1188 950 λαβών·
1225 901 1320 953 ὅπερ
1352 901 1552 951 ἐποίησεν.

231 966 281 1007 ὡς
299 968 374 1018 γὰρ
395 967 574 1008 εἰπόντος
599 967 716 1007 αὐτοῦ
740 969 861 1006 ταῦτα
886 967 963 1018 ἐγὼ
989 967 1350 1018 προσωμολόγησα,
1374 967 1486 1008 εὐθὺς
1511 969 1553 1008 ἐκ

229 1036 306 1072 τῶν
325 1031 505 1085 γονάτων
529 1033 671 1083 λαβὼν
696 1036 773 1073 τῶν
799 1034 915 1072 αὑτοῦ
940 1036 1206 1084 γραμματεῖον
1231 1030 1290 1083 TU)
1315 1031 1550 1085 ἐγγ]εγραμ-

229 1096 377 1151 [μ]ένον
407 1099 713 1151 ἀνεγίγνωσκεν.
784 1098 887 1149 ἦσαν
912 1101 953 1139 δὲ
983 1099 1096 1139 αὗται
1125 1101 1316 1149 συνθῆκαι
1345 1099 1440 1151 πρὸς
1471 1099 1552 1151 ἐμέ·

228 1166 282 1206 ὧν
308 1166 385 1217 ἐγὼ
410 1165 818 1218 ἀναγιγνωσκομένων
842 1167 914 1216 μὲν
941 1165 1092 1216 ἤκουον,
1114 1166 1307 1206 ἔσπευδον
1330 1165 1465 1216 μέντοι
1489 1165 1554 1218 ἐφ’
1577 1181 1611 1213 ¹5

228 1231 248 1270 ὃ
281 1231 376 1281 ἧκον
407 1235 521 1272 τοῦτο
559 1231 848 1281 διοικήσασθαι,
885 1231 947 1271 καὶ
985 1233 1217 1282 σημαίνεται
1252 1233 1321 1274 τὰς
1358 1231 1554 1282 συνθήκας

229 1297 341 1339 εὐθὺς
382 1299 424 1338 ἐν
463 1304 509 1354 τῇ
548 1298 644 1354 αὐτῇ
685 1299 787 1352 οἰκίᾳ
825 1299 888 1338 ἵνα
929 1299 1064 1348 μηδεὶς
1105 1302 1182 1338 τῶν
1221 1298 1262 1338 εὗ
1300 1299 1554 1350 φρονούντων

228 1365 395 1404 ἀκούσαι
419 1366 466 1404 τὰ
492 1363 804 1416 ἐγγεγραμμένα,
834 1364 1147 1417 προσεγγράψας
1170 1364 1252 1415 μετ’
1275 1366 1369 1415 ἐμοῦ
1393 1366 1554 1405 Νίκωνα

235 1430 304 1471 τὸν
345 1430 558 1483 Κηφισιέα.
634 1431 818 1472 ἐλθόντες
854 1430 886 1470 δ’
927 1432 989 1471 ἐπὶ
1026 1434 1070 1470 τὸ
1110 1431 1358 1482 μυροπώλιον
1399 1431 1444 1471 τὸ
1485 1434 1556 1482 μὲν

233 1501 498 1549 γραμματεῖον
536 1497 721 1547 τιθέμεθα
764 1499 868 1548 παρὰ
903 1501 1097 1538 Λυσικλεῖ
1131 1501 1368 1543 Λευκονοιεῖ,
1408 1499 1477 1539 τὰς
1512 1500 1555 1538 δὲ
1574 1517 1613 1538 20

230 1563 516 1614 τετταράκοντα
547 1566 645 1613 μνᾶς
675 1565 752 1615 ἐγὼ
787 1564 1025 1614 καταβαλὼν
1054 1563 1124 1613 τὴν
1158 1564 1260 1613 ὠνὴν
1293 1563 1552 1614 ἐποιησάμην.

229 1631 367 1670 τούτου
385 1632 427 1670 δὲ
446 1629 660 1682 γενομένου
685 1628 913 1686 προσῄεσάν
938 1647 1006 1680 μοι
1031 1632 1066 1670 οῖ
1091 1632 1263 1683 χρῆσται
1283 1631 1340 1672 οἷς
1359 1630 1554 1682 ὠφείλετο

229 1698 333 1748 παρὰ
358 1700 410 1751 τῷ
437 1697 546 1750 Μίδᾳ
576 1697 638 1737 καὶ
670 1698 706 1737 οἱ
735 1697 938 1748 πληρωταὶ
963 1700 1040 1736 τῶν
1063 1696 1213 1748 ἐράνων
1240 1698 1301 1737 καὶ
1327 1696 1556 1749 διελέγοντό

228 1779 307 1812 μοι·
347 1763 408 1802 καὶ
437 1764 479 1803 ἐν
503 1764 634 1814 τρισὶν
658 1763 781 1813 μησὶν
806 1762 960 1803 ἅπαντα
984 1765 1031 1802 τὰ
1060 1762 1160 1816 χρέα
1185 1765 1338 1814 φανερὰ
1363 1764 1551 1815 ἐγεγόνει,

229 1828 324 1868 ὥστ’
345 1827 448 1869 εἶναί
467 1845 533 1879 μοι
559 1828 632 1869 σὺν
657 1832 738 1871 τοῖς
765 1828 929 1880 ἐράνοις,
952 1830 1048 1881 ὅπερ
1069 1829 1130 1869 καὶ
1155 1830 1296 1880 ἀρτίως
1322 1829 1444 1876 εἶπον,
1466 1829 1552 1881 περὶ
1572 1846 1611 1878 ²5

230 1894 346 1935 πέντε
370 1894 558 1935 τάλαντα.
630 1895 680 1937 ὡς
704 1895 737 1935 δ’
762 1895 942 1951 ᾐσθόμην
967 1895 1011 1935 οὗ
1037 1894 1085 1945 ἦν
1111 1899 1239 1942 κακοῦ,
1266 1895 1346 1935 τότ’
1366 1895 1437 1946 ἤδη
1463 1896 1552 1938 τοὺς

229 1963 373 2013 φίλους
403 1962 464 2002 καὶ
493 1961 582 2003 τοὺς
612 1963 775 2003 οἰκείους
804 1961 1031 2014 συνήγαγον
1057 1963 1118 2002 καὶ
1148 1963 1195 2001 τὰ
1224 1963 1449 2014 ἀντίγραφα
1475 1965 1553 2002 τῶν

229 2030 433 2077 συνθηκῶν
469 2028 827 2080 ἀνεγιγνώσκομεν·
870 2030 912 2068 ἐν
949 2029 1009 2070 αἷς
1045 2027 1264 2081 ἐγέγραπτο
1298 2030 1370 2079 μὲν
1407 2027 1451 2068 τὸ
1485 2031 1554 2068 τοῦ

228 2093 446 2145 Παγκάλου
483 2094 544 2134 καὶ
580 2097 648 2134 τοῦ
683 2094 937 2136 Πολυκλέους
973 2096 1096 2145 ὄνομα
1134 2093 1356 2146 διαρρήδην,
1396 2095 1458 2134 καὶ
1494 2095 1554 2134 ὅτι

227 2160 358 2212 μύρων
387 2160 493 2211 τιμαὶ
527 2160 762 2213 ὠφείλοντο,
797 2161 820 2201 ἃ
853 2161 900 2212 ἦν
931 2160 1090 2214 βραχέα
1122 2177 1164 2201 τε
1197 2161 1258 2201 καὶ
1295 2159 1386 2211 ἐξῆν
1423 2161 1553 2203 αὐτοῖς
1572 2175 1613 2206 30

273 2280 292 2307 4
317 2252 545 2307 διαλυθήσεται
563 2268 610 2298 W
623 2269 650 2298 Β
777 2279 797 2308 9
822 2270 1026 2310 ἀναδέξεσθαι
1045 2269 1083 2308 Β,
1102 2274 1223 2300 contra
1238 2268 1268 2316 10
1390 2279 1427 2308 13
1450 2282 1551 2310 γραμ-

227 2311 374 2352 ματεῖον]
401 2324 553 2353 πραγματ
569 2336 576 2342 .
598 2316 660 2351 ,ζον
685 2311 725 2360 ᾨ,
751 2322 834 2344 corr.
856 2313 885 2341 D
1042 2326 1072 2344 τι
1097 2314 1136 2344 τὸ
1161 2312 1425 2353 ἐγγεγραμμένον
1449 2312 1488 2351 B,
1512 2313 1551 2350 δὴ

229 2368 321 2396 προγ.
336 2354 365 2384 D
378 2354 408 2385 R
545 2364 584 2394 19
607 2363 747 2395 κηφισεα
763 2355 804 2402 p,
825 2366 906 2387 corr.
928 2355 955 2386 B
1103 2365 1147 2386 20
1169 2362 1333 2387 λευκονοει
1359 2354 1411 2403 p:
1435 2361 1550 2387 Λευκο-

229 2398 329 2430 νοιεὺς
347 2398 586 2438 inscriptiones
603 2398 800 2438 plerumque
