1843 2788
174 131 212 168 ΙΙ
721 131 1086 170 ΎΠΕΡΕΙΔΟὙ

243 235 314 283 μὲν
339 231 538 284 τυράννων
564 232 688 274 οὐδεὶς
712 234 870 274 πώποτε
895 233 1136 284 τελευτήσας
1162 236 1398 286 ἀνεβίωσεν,
1425 237 1561 279 πόλεις

244 301 286 339 δὲ
311 299 459 339 πολλαὶ
483 298 603 351 ἄρδην
627 300 896 351 ἀναιρεθεῖσαι
921 299 1042 341 πάλιν
1066 302 1257 354 ἴσχυσαν.
1317 301 1404 342 οὐδὲ
1423 303 1472 342 τὰ
1497 303 1562 343 ἐπὶ

244 369 321 405 τῶν
357 364 566 417 τριάκοντα
603 367 861 418 ἐλογίσασθε,
896 366 976 406 οὐδ’
1008 366 1059 408 ὡς
1096 367 1157 407 καὶ
1192 372 1269 408 τῶν
1305 369 1558 420 ἐπιστρατευ·

245 430 401 472 σάντων
430 432 492 472 καὶ
521 435 598 473 τῶν
630 432 789 473 ἔνδοθεν
822 432 1138 484 συνεπιθεμένων
1171 433 1265 490 αὐτῇ
1296 432 1558 487 περιεγένετο,

244 498 350 537 ἀλλὰ
375 499 540 550 φανεροὶ
565 497 752 550 ἐγένεσθε
773 503 1154 551 καιροφυλακοῦντες
1172 499 1243 550 τὴν
1262 501 1380 541 πόλιν
1407 503 1442 542 εἴ
1464 518 1561 542 ποτε
1579 519 1597 551 5

245 563 455 614 δοθήσεται
487 564 650 615 ἐξουσία
680 564 815 617 λέγειν
846 582 884 605 τι
915 562 938 615 ἢ
971 565 1154 616 πράττειν
1188 569 1285 607 κατὰ
1321 570 1390 607 τοῦ
1424 566 1559 618 δήμου.

192 648 213 683 9
245 630 328 670 εἶτα
346 631 434 682 περὶ
460 634 602 683 καιρῶν
627 632 765 671 αὐτίκα
789 631 834 681 δὴ
854 630 1076 682 τολμήσετε
1100 632 1234 684 λέγειν
1258 633 1347 675 τοὺς
1373 635 1469 674 κατὰ
1493 636 1562 685 τῆς

82 688 154 725 001·
172 685 212 738 6]
244 697 396 738 πόλεως
434 697 588 749 καιροὺς
624 697 668 737 οὐ
703 697 1072 750 παραφυλάξαντες,
1109 699 1170 738 καὶ
1204 700 1252 738 τὰ
1287 701 1421 740 παιδία
1456 700 1562 750 ἥκεις

244 762 349 816 ἔχων
369 765 422 805 εἷς
441 763 486 804 τὸ
505 762 769 816 δικαστήριον,
791 764 853 804 καὶ
877 763 1134 815 ἀναβιβάσας
1153 765 1290 805 αὐτίκα
1307 765 1352 816 δὴ
1379 765 1562 816 ἀξιώσεις

243 830 318 870 ὑπὸ
348 830 497 870 τούτων
527 832 739 871 ἐλεεῖσθαι.
812 830 902 871 ἀλλ’
929 830 974 871 οὐ
1006 831 1165 872 δίκαιον·
1202 832 1269 872 ὅτε
1299 833 1372 883 γὰρ
1397 832 1420 882 ἡ
1446 833 1562 875 πόλις
1581 851 1620 873 10

243 896 316 936 ὑπὸ
341 900 419 937 τῶν
445 896 580 937 ἄλλων
605 896 805 951 ᾠκτείρετο
835 899 897 937 διὰ
926 899 975 937 τὰ
1005 897 1227 948 συμβάντα,
1255 898 1337 938 τόθ’
1362 898 1429 950 ὑφ’
1454 899 1562 950 ὑμῶν

246 961 482 1014 ἐξυβρίζετο.
549 964 671 1003 καίτοι
696 963 802 1004 οὗτοι
830 966 902 1014 μὲν
926 963 998 1014 τὴν
1026 963 1205 1005 Ἑλλάδα
1233 963 1366 1018 σῴζειν
1391 965 1558 1016 προελό-

243 1045 353 1079 μενοι
390 1028 529 1080 ἀνάξια
564 1033 642 1070 τῶν
675 1029 936 1082 φρονημάτων
970 1031 1161 1083 ἔπασχον,
1190 1031 1239 1071 σὺ
1270 1033 1312 1071 δὲ
1341 1030 1412 1081 τὴν
1444 1032 1562 1072 πόλιν

245 1097 300 1137 εἰς
337 1097 406 1138 τὰς
445 1095 618 1149 ἐσχάτας
657 1097 848 1149 αἰσχύνας
885 1098 1025 1138 ἀδίκως
1063 1098 1250 1139 καθιστὰς
1286 1097 1370 1138 νυνὶ
1405 1099 1561 1139 δικαίως

172 1177 214 1202 10
244 1164 429 1215 τιμωρίας
453 1162 581 1219 τεύξῃ.
643 1165 705 1202 διὰ
730 1163 769 1203 τί
791 1165 865 1215 γὰρ
884 1161 969 1215 (ἂν)
989 1163 1128 1204 τούτου
1148 1165 1383 1215 φείσαισθε;
1415 1164 1561 1216 πότερα
1582 1187 1619 1218 ¹5

243 1229 343 1269 διότι
367 1230 575 1280 δημοτικός
600 1231 728 1276 ἐστιν,·
766 1230 871 1270 ἀλλὰ
900 1229 976 1270 ἴστ’
1002 1229 1118 1270 αὐτὸν
1146 1233 1226 1272 τοῖς
1257 1232 1329 1281 μὲν
1359 1230 1561 1282 τυράννοις

243 1296 442 1336 δουλεύειν
472 1296 751 1347 προελόμενον,
783 1300 834 1350 τῷ
869 1299 910 1337 δὲ
939 1295 1045 1351 δήμῳ
1075 1295 1335 1348 προστάττειν
1365 1296 1559 1347 ἀξιοῦντα.

79 1365 151 1402 col.
172 1362 210 1416 7]
243 1362 431 1402 ἀλλ’ὅτι
469 1363 661 1415 χρηστός;
712 1363 819 1402 ἀλλὰ
858 1363 915 1405 δὶς
952 1362 1069 1403 αὐτοῦ
1104 1360 1290 1414 ἀ[δικι’ῗαν
1328 1363 1559 1416 κατέγνωτε.

242 1430 318 1474 ναί,
350 1430 456 1469 ἀλλὰ
488 1446 695 1482 χρησιμος·
733 1429 823 1469 ἀλλ’
850 1431 882 1470 εἶ
914 1427 1118 1483 χρήσεσθε
1147 1433 1199 1484 τῷ
1232 1429 1300 1482 ὑφ’
1329 1431 1436 1481 ὑμῶν
1468 1431 1559 1481 ὁμο-

241 1495 491 1547 λογουμένως
532 1499 688 1550 πονηρῷ
732 1495 913 1548 κριθέντι,
954 1513 976 1545 η
1017 1497 1159 1548 κρίνειν
1203 1500 1327 1538 κακῶς
1366 1495 1499 1547 δόξετε
1537 1514 1561 1546 η
1582 1518 1621 1539 20

241 1566 422 1614 πονηρῶν
447 1563 662 1614 ἀνθρώπων
682 1564 896 1613 ἐπιθυμεῖν
957 1562 1095 1603 οὐκοῦι
1114 1562 1182 1602 οὐκ
1201 1562 1311 1613 ἄξιον
1330 1580 1377 1603 τα
1395 1560 1561 1615 [τούτ]ου

243 1627 461 1679 ἀδικήματα
493 1626 659 1680 αὐζτοὺς]
693 1628 972 1682 ἀναδέχεσθαι,
1008 1629 1114 1669 ἀλλὰ
1146 1626 1459 1681 [τιμω]ρ[εῖσθαι]
1493 1629 1561 1670 τὸν

171 1711 207 1736 11
242 1695 461 1736 ἀδικοῦντα.
534 1692 610 1746 κα[ὶ
636 1697 717 1751 ἐὰνζ
740 1695 814 1748 ἄρα
841 1695 941 1751 λέγῃ
971 1712 1029 1737 τις
1058 1696 1212 1747 ἀναβὰς
1242 1696 1292 1737 ὡς
1322 1696 1380 1738 δὶς
1408 1696 1561 1746 ἥλωκεν

243 1763 432 1814 πρότερον
452 1762 700 1813 παρανόμων,
723 1764 786 1803 καὶ
812 1764 875 1802 διὰ
899 1765 1012 1802 τοῦτο
1038 1767 1096 1819 φῇ
1120 1765 1201 1803 δεῖν
1225 1763 1322 1813 ὑμᾶς
1348 1763 1558 1815 ἀποψηφί-

244 1832 405 1875 σασθαι,
426 1828 652 1869 τούναντίον
678 1833 826 1869 ποιεῖτε
853 1828 934 1869 κατ’
954 1829 1172 1881 ἀμφότερα.
1233 1832 1387 1880 πρῶτον
1410 1831 1482 1880 μὲν
1501 1829 1562 1869 ὅτι
1581 1843 1618 1874 25

242 1894 440 1948 εὐτύχημά
465 1897 576 1935 ἐστιν
600 1899 667 1935 τὸν
693 1894 1016 1948 ὁμολογουμένως
1045 1896 1092 1935 τὰ
1121 1894 1328 1947 παράνομα
1356 1894 1562 1948 γράφοντα

241 1961 284 2001 τὸ
313 1963 444 2013 τρίτον
475 1962 702 2014 κρινόμενον
731 1965 889 2013 λαβεῖν·
927 1963 971 2002 οὐ
1003 1964 1078 2014 γὰρ
1109 1963 1244 2013 ὥσπερ
1275 1962 1424 2014 ἀγαθοῦ
1455 1978 1561 2003 τινος

241 2029 451 2079 φείδεσθαι
470 2027 663 2079 προσήκει
682 2029 831 2075 τούτου,
855 2029 959 2069 ἀλλὰ
979 2028 1049 2078 τὴν
1068 2029 1264 2081 ταχίστην
1284 2027 1558 2081 ἀπηλλάχθαι,

76 2098 148 2136 col.
167 2095 207 2149 8]
239 2095 282 2136 ὅς
307 2112 353 2147 γε
377 2099 444 2134 τοῦ
464 2095 608 2146 τρόπου
634 2095 691 2137 δὶς
709 2094 780 2145 ἤδη
801 2096 844 2135 ἐν
862 2096 952 2145 ὑμῖν
977 2094 1161 2145 βάσανον
1187 2094 1365 2135 δέδωκεν.
1426 2094 1561 2135 ἔπειτα

167 2161 207 2186 12

283 2214 302 2243 5
327 2206 388 2242 τὴν
404 2204 499 2236 πόλιν
511 2203 554 2242 2¹
571 2215 577 2234 :
602 2206 636 2236 ἐν
652 2207 692 2245 τῇ
709 2204 802 2236 πόλει
815 2202 875 2240 2²²⁴.
925 2203 976 2235 Cf.
991 2204 1090 2235 Dem.
1103 2213 1152 2242 23,
1170 2207 1184 2241 ξ
1201 2214 1262 2243 173
1352 2205 1414 2243 7-8
1431 2203 1562 2246 λέγειν,-

311 2271 318 2279 .
346 2247 651 2288 παραφυλάξαντες;
678 2247 704 2277 Β
868 2248 888 2277 8
919 2247 971 2287 οὐ]
997 2249 1026 2279 οἱ
1049 2247 1119 2278 W:
1152 2249 1269 2278 nescio
1292 2257 1334 2278 an
1358 2246 1442 2289 (ὡς)
1466 2250 1502 2279 οὐ
1525 2261 1557 2279 π.

238 2291 451 2322 scribendum
476 2292 521 2321 sit
631 2294 828 2331 φυλαξαντες
852 2290 922 2328 2³²⁴:
955 2305 1037 2330 παρα
1061 2292 1135 2321 add.
1164 2290 1205 2327 ΕΖ
1367 2301 1405 2329 15
1436 2292 1474 2323 ἂν
1498 2291 1558 2322 ins.

241 2334 459 2365 Herwerden
478 2334 505 2364 B
651 2335 688 2363 18
713 2334 852 2374 ἀδικίαν]
871 2334 912 2365 cf.
930 2333 1063 2366 Andoc.
1086 2345 1112 2373 Ι,
1135 2336 1150 2370 ξ
1169 2345 1188 2373 3
1321 2345 1362 2364 :22
1388 2335 1500 2366 αὐτοὺς
1519 2334 1557 2371 Β,

240 2382 377 2409 secutus
397 2377 579 2408 Deinareh.
599 2377 633 2407 in
654 2377 748 2407 Dem.
772 2379 787 2414 ξ
810 2378 869 2407 106
