1843 2788
98 839 171 875 col.
193 835 228 888 l]

101 1437 173 1474 col.
192 1434 232 1488 2]

109 2193 180 2230 col.
200 2189 239 2243 3]

839 403 883 447 V
934 401 1004 465 (Ι)

390 558 552 599 ΚΑΤΑ
597 553 1067 601 ΔΗΜΟΣΘΕΝΟΤΣ
1115 558 1275 599 ΥΠΕΡ
1323 559 1445 600 ΤΩΝ

737 642 1100 682 ΑΡΠΑΛΕΙΩΝ

847 767 942 807 Frag.
969 768 992 799 I.

325 835 438 876 Ἀλλ’
457 835 549 888 ἐγώ,
571 833 600 875 ὦ
619 835 757 888 ἄνδρες
777 838 973 883 δικασταί,
991 833 1102 888 [ὅπερ
1123 836 1200 888 καὶ]
1217 836 1313 888 πρὸς
1333 834 1436 888 τοὺ[ς
1456 854 1577 890 παρα-

260 901 514 956 καθη]με’νους
549 900 705 954 [ἀρτίως
741 900 910 955 ἔλ]εγον,
949 905 1090 959 θαῦζμα
1127 900 1371 955 τ]ηλ[ικ]ουτὶ
1408 900 1582 956 [νομίζω]

259 971 364 1010 τουτὶ
390 969 434 1009 τὸ
465 972 637 1021 πρᾶγμα,
675 966 725 1020 [εἰ
748 966 815 1022 μ]ἡ
847 969 893 1019 νὴ
921 970 999 1010 Δία
1029 971 1126 1010 κατὰ
1153 969 1436 1020 Δημοσθένους
1460 971 1580 1021 μόνου

258 1040 335 1077 τῶν
366 1035 408 1076 ἐν
438 1036 486 1092 τῇ
518 1036 634 1077 πόλει
662 1033 790 1088 [μήτε]
816 1038 851 1076 οἱ
882 1036 995 1086 νόμοι
1026 1037 1252 1089 ἰσχύουσιν,
1285 1038 1320 1077 οἱ
1355 1037 1582 1079 κελεύοντες

262 1102 371 1156 κύρια
396 1103 495 1143 εἶναι
519 1103 597 1142 ὅσα
628 1102 675 1143 ἄν
705 1119 763 1144 τις
795 1101 909 1144 αὐτὸς
941 1102 1024 1143 καθ’
1049 1103 1166 1143 αὑτοῦ
1195 1101 1386 1153 διάθηται,
1413 1102 1509 1155 μήτε
1535 1105 1582 1144 τὰ
1601 1123 1618 1155 5

261 1171 507 1222 ψηφίσματα
542 1172 609 1209 τοῦ
645 1168 778 1220 δήμου,
819 1168 901 1208 καθ’
939 1169 963 1209 ἃ
997 1169 1105 1219 ὑμεῖς
1140 1171 1212 1220 μὲν
1247 1170 1476 1221 ὀμωμόκατε
1511 1169 1582 1220 τὴν

261 1238 402 1288 ψῆφον
436 1237 574 1276 οἴσειν.
647 1235 824 1288 ἔγραψεν
857 1237 899 1276 δὲ
932 1235 1029 1275 αὐτὰ
1059 1236 1184 1277 οὐδεὶς
1213 1239 1291 1276 τῶν
1320 1235 1475 1289 ἐχθρῶν
1505 1240 1582 1277 τῶν

263 1302 556 1353 Δημοσθένους,
597 1301 688 1342 ἀλλ’
727 1301 840 1344 αὐτὸς
883 1302 1006 1348 οὗτος,
1047 1301 1284 1355 ἐψηφίσατο
1324 1305 1365 1343 δὲ
1403 1303 1423 1342 ὁ
1463 1305 1582 1354 δῆμος

260 1369 397 1410 τούτου
424 1369 652 1411 κελεύοντος
670 1365 748 1419 [καὶ
773 1366 908 1420 μόνον]
929 1368 1002 1422 οὐχ
1027 1366 1229 1420 ἑκου[σίως
1249 1369 1366 1409 αὑτὸν
1392 1367 1580 1421 ἀπο]λλύ-

262 1434 402 1488 [om-05]
440 1460 469 1464 —
496 1460 527 1464 —
552 1459 583 1464 —
620 1432 676 1485 {rb
702 1432 759 1486 63]
784 1436 945 1481 δίκαιον,
974 1434 1003 1475 ὦ
1036 1435 1173 1487 ἄνδρες
1209 1437 1403 1481 δικασταί,
1431 1437 1584 1476 ἁπλοῦν
1606 1456 1644 1477 ιο

262 1501 535 1553 ὑπολαμβάνω
565 1502 655 1553 ἡμῖν
685 1502 784 1542 εἶναι
813 1502 909 1553 πρὸς
937 1501 1188 1553 Δημοσθένη.
1261 1502 1394 1553 ὥσπερ
1420 1504 1494 1554 γὰρ
1519 1501 1583 1543 ε’πὶ

264 1573 340 1610 τῶν
358 1570 466 1610 ἰδίων
483 1568 742 1621 ἐγκλημάτων
758 1570 892 1610 πολλὰ
908 1570 970 1609 διὰ
986 1567 1245 1620 προκλήσεων
1263 1569 1444 1620 κρίνεται,
1463 1570 1584 1611 οὕτως

266 1637 327 1676 καὶ
359 1637 466 1676 τουτὶ
499 1635 542 1675 τὸ
576 1638 737 1688 πρᾶγμα
770 1635 952 1687 κέκριται.
1025 1634 1237 1687 σκέψασθε
1270 1635 1357 1687 γάρ,
1385 1634 1414 1675 ὦ
1448 1635 1584 1688 ἄνδρες

266 1703 461 1748 δικασταί,
496 1703 652 1743 οὑτωσί.
722 1702 914 1759 ᾐτιάσατό
948 1719 1007 1748 σε,
1043 1700 1071 1742 ὦ
1108 1702 1376 1753 Δημόσθενες,
1413 1703 1432 1741 ὁ
1465 1705 1584 1754 δῆμος

266 1768 475 1821 εἰληφέναι
501 1770 626 1809 εἵκοσι
651 1768 826 1810 τάλαντα
849 1766 942 1821 [ἐπὶ]
967 1769 1012 1824 τῇ
1038 1770 1220 1822 πολιτείᾳ
1245 1768 1308 1808 καὶ
1332 1771 1414 1811 τοῖς
1438 1769 1583 1819 νόμοις.
1606 1788 1643 1820 15

266 1839 386 1876 ταῦτα
411 1835 460 1875 σὺ
486 1834 645 1888 ἔξαρνος
671 1834 810 1887 ἐγένου
834 1835 886 1886 μὴ
911 1838 1069 1886 λαβεῖν,
1093 1836 1154 1876 καὶ
1179 1835 1401 1887 πρόκλησιν
1426 1834 1585 1887 γράψας

267 1902 309 1943 ἐν
338 1903 575 1954 ψηφίσματι
607 1901 880 1954 προσήνεγκας
911 1905 964 1956 τῷ
997 1901 1118 1956 δήμῳ,
1154 1901 1371 1953 ἐπιτρέπων
1403 1902 1499 1953 ὑπὲρ
1532 1903 1586 1942 ὧν

267 1968 338 2019 τὴν
364 1969 492 2010 αἰτίαν
519 1968 638 2022 ἔσχες
663 1974 710 2026 τῇ
734 1973 864 2026 βουλῇ
887 1974 935 2025 τῇ
961 1966 1007 2018 ἐξ
1028 1967 1183 2020 Ἀρείου
1207 1967 1336 2020 πάγου
1363 1999 1371 2008 .
1399 2000 1406 2008 .

845 2061 942 2101 Frag.
971 2061 1013 2093 11.

337 2124 411 2164 Καὶ
449 2127 710 2177 συκοφαντεῖς
745 2123 815 2174 τὴν
851 2122 1017 2174 βουλήν,
1055 2122 1294 2176 προκλήσεις
1329 2123 1491 2166 ἐκτιθεὶς
1529 2125 1591 2165 καὶ

271 2193 425 2243 ἐρωτῶν
464 2192 506 2231 ἐν
543 2194 627 2232 ταῖς
665 2189 950 2242 προκλήσεσιν,
988 2191 1109 2231 πόθεν
1145 2190 1291 2241 ἔλαβες
1327 2190 1371 2230 τὸ
1409 2191 1588 2243 χρυσίον,
1612 2209 1651 2231 20

313 2301 443 2332 Titulus
475 2311 493 2332 e
522 2300 632 2331 tabula
665 2301 704 2330 ad
739 2300 838 2330 finem
872 2300 969 2331 rotuli
992 2299 1030 2338 ,Ε
1057 2301 1252 2332 restituitur.
1300 2300 1372 2331 Col.
1402 2309 1414 2329 1
1442 2300 1591 2331 restituit

272 2345 470 2384 plerumque
496 2344 523 2374 B
699 2353 718 2382 5
752 2343 910 2384 διάθηται]
938 2344 1042 2375 verbo
1071 2343 1232 2376 διαθέσθαι
1258 2353 1320 2383 pro
1349 2343 1518 2376 συνθέσθαι
1542 2344 1590 2374 uti

274 2389 485 2429 Hyperidem
525 2388 557 2417 in
597 2387 659 2418 hac
697 2388 849 2418 oratione
889 2392 1032 2418 testatur
1065 2387 1316 2427 Harpocration
1349 2398 1375 2418 s.
1389 2397 1417 2417 v.
1453 2386 1590 2419 διάθεσις

276 2442 313 2471 15
339 2433 389 2464 ἐπὶ
408 2432 520 2471 Egger
694 2441 732 2469 19
757 2433 968 2470 συκοφαντεῖς
987 2454 992 2460 .
1013 2454 1018 2460 .
1038 2454 1045 2461 .
1067 2431 1209 2462 ἀπαιτῶν
1225 2429 1306 2461 citat
1323 2430 1423 2461 Alex.
1443 2429 1587 2461 Numen.

292 2477 359 2517 περὶ
378 2488 478 2515 σχημ.
497 2475 552 2505 viii
572 2484 633 2513 457
652 2474 748 2505 &Valz
782 2486 788 2504 :
813 2473 852 2510 ἧν
869 2486 918 2506 σοι
938 2498 944 2505 ,
966 2498 973 2505 .
993 2498 1000 2505 .
1022 2475 1164 2505 ἀπαιτῶν
1181 2474 1279 2505 etiam
1297 2473 1328 2504 in
1347 2473 1382 2512 R
1402 2478 1513 2504 exstat
