1843 2788
777 124 1121 162 ΕΠΙΤΑΦΙΟΣ

292 229 449 279 θαρρεῖν
484 226 545 265 καὶ
577 227 645 275 τῆς
677 225 804 275 λύπης
837 229 1041 277 παραιρεῖν
1077 227 1132 267 εἰς
1164 228 1207 265 τὸ
1242 226 1513 278 ἐνδεχόμενον,
1550 224 1611 264 καὶ

293 294 516 343 μεμνῆσθαι
539 290 591 341 μὴ
616 291 738 342 μόνον
762 294 831 331 τοῦ
856 290 1023 332 θανάτου
1042 294 1120 332 τῶν
1138 291 1485 341 τετελευτηκότων,
1507 290 1613 330 ἀλλὰ

296 358 356 398 καὶ
388 360 457 408 τῆς
489 358 628 409 ἀρετῆς
660 356 705 407 ἧς
737 359 1086 398 καταλελοίπασιν.
1158 358 1202 398 οὐ
1232 359 1307 410 γὰρ
1340 355 1491 409 θρήνων
1524 355 1614 406 ἄξια

293 423 550 470 πεπόνθασιν,
592 422 683 463 ἀλλ’
723 424 894 465 ἐπαίνων
930 422 1117 475 μεγάλων
1155 422 1429 474 πεποιήκασιν.
1501 424 1534 463 εἶ
1572 424 1614 463 δὲ

257 506 274 536 5
295 488 422 542 γήρως
454 492 596 540 θνητοῦ
628 489 680 540 μὴ
712 489 925 542 μετέσχον,
953 489 1045 530 ἀλλ’
1071 489 1247 540 εὐδοξίαν
1281 488 1479 542 ἀγήρατον
1506 487 1612 538 εἰλή-

294 561 432 608 φασιν,
460 555 686 607 εὐδαίμονές
711 573 753 596 τε
779 556 969 608 γεγόνασι
995 558 1091 596 κατὰ
1117 555 1257 597 πάντα.
1327 556 1418 596 ὅσοι
1442 557 1513 606 μὲν
1538 556 1614 607 γὰρ

294 622 420 663 αὐτῶν
436 621 597 663 ἄπαιδες
612 621 952 672 τετελευτήκασιν,
973 624 1007 662 οἱ
1024 623 1128 674 παρὰ
1143 626 1221 663 τῶν
1236 620 1446 672 Ἑλλήνων
1463 622 1615 662 ἔπαινοι

296 691 430 730 παῖδες
449 688 574 728 αὐτῶν
599 687 786 728 ἀθάνατοι
812 689 985 729 ἔσονται.
1046 689 1136 728 ὅσοι
1160 691 1201 729 δὲ
1221 691 1361 730 παῖδας
1382 688 1613 728 καταλελοί-

297 771 433 800 πασιν,
459 754 481 805 ἡ
506 757 575 804 τῆς
599 756 782 805 πατρίδος
808 755 938 795 εὔνοια
963 756 1172 806 ἐπίτροπος
1203 755 1334 796 αὐτοῖς
1361 758 1439 795 τῶν
1467 755 1617 794 παίδων

241 834 279 855 10
300 819 602 871 καταστήσεται.
676 821 771 872 πρὸς
797 823 836 861 δὲ
863 821 1027 867 τούτοις,
1057 822 1089 861 εἰ
1113 820 1185 871 μέν
1210 822 1297 861 ἐστι
1331 820 1375 861 τὸ
1404 821 1618 861 ἀποθανεῖν

299 889 433 938 ὅμοιον
457 891 509 941 τῷ
534 887 585 937 μὴ
612 886 810 938 γενέσθαι,
838 887 1139 939 ἀπηλλαγμένοι
1160 887 1239 928 εἰσὶ
1259 887 1390 928 νόσων
1409 888 1473 928 καὶ
1492 887 1618 936 λύπης

301 955 362 994 καὶ
379 957 456 993 τῶν
475 953 611 994 ἄλλων
630 957 708 993 τῶν
728 955 1058 1005 προσπιπτόντων
1079 955 1134 995 εἰς
1152 954 1221 994 τὸν
1241 954 1488 1006 ἀνθρώπινον
1512 954 1616 1004 βίον·

302 1021 334 1060 εἰ
359 1019 392 1059 δ’
418 1020 528 1060 ἔστιν
555 1021 740 1069 αἴσθησις
765 1021 807 1060 ἐν
824 1018 963 1060 “Ἀιδου
989 1020 1050 1059 καὶ
1076 1019 1281 1071 ἐπιμέλεια
1307 1021 1411 1072 παρὰ
1439 1023 1508 1060 τοῦ
1536 1022 1616 1059 δαι-

300 1086 448 1136 μονίου,
476 1086 610 1137 ὥσπερ
642 1085 992 1137 ὑπολαμβάνομεν,
1021 1087 1123 1128 εἰκὸς
1151 1085 1241 1128 τοὺς
1270 1090 1355 1128 ταῖς
1383 1089 1513 1137 τιμαῖς
1543 1089 1620 1125 τῶν

244 1165 282 1198 15
303 1155 401 1193 θεῶν
428 1151 735 1202 καταλυομέναις
758 1151 1040 1203 βοηθήσαντας
1068 1154 1261 1202 πλείστης
1292 1153 1522 1203 κηδεμονίας
1546 1151 1621 1192 ὑπὸ

302 1221 369 1258 τοῦ
393 1219 593 1268 δαιμονίου
618 1218 840 1271 τυγχάνειν.
873 1250 880 1258 .
909 1250 916 1258 .
947 1250 953 1258 .

350 1337 362 1356 1
398 1329 559 1368 παραιρεῖν
584 1326 736 1358 Gesner:
769 1330 931 1368 παραινεῖν
956 1328 1052 1358 codd.
1208 1338 1227 1365 3
1259 1328 1308 1367 01'1]
1336 1330 1364 1360 εἰ
1389 1327 1566 1367 Leopardi,
1594 1326 1621 1356 B

309 1379 345 1407 14
373 1371 456 1402 εἰκὸς
472 1370 579 1409 Toup,
600 1370 682 1402 Cb.:
709 1371 787 1402 εἶναι
806 1370 859 1401 vel
877 1373 924 1408 εἴη
942 1372 1038 1402 codd.
1162 1381 1198 1410 15
1225 1372 1411 1410 κηδεμονίας
1430 1371 1599 1402 Ruhnken
1615 1380 1622 1399 ;

305 1413 488 1452 ἐπιμελείας
504 1413 557 1443 vel
576 1414 772 1453 εὐδαιμονίας
790 1414 885 1444 codd.

1640 120 1695 157 VI

1643 367 1687 402 42

1648 831 1691 866 43
