1843 2788
347 134 436 174 EX
482 132 976 175 ORATIONIBVS
1022 131 1459 173 DEPERDITIS

316 250 400 289 177.
442 243 641 292 ἰσοδαίτης
666 240 832 292 (ξενικάς
857 257 913 282 τις
940 242 1100 292 δαίμων,
1128 239 1219 296 ᾦτὰ
1244 241 1398 291 δημώδη
1426 241 1566 292 γύναια

244 309 304 349 καὶ
323 308 374 360 μὴ
402 308 504 350 πάνυ
530 311 727 349 σπουδαῖα
752 305 905 357 ἐτέλει).
983 306 1141 365 [Hal'p.
1163 324 1195 350 s.
1216 306 1277 364 v.]

314 376 399 422 178,
437 374 472 425 (ὁ
497 376 539 415 δὲ
563 374 652 415 Ὕπ.
690 373 966 426 συναγορεύων
999 374 1045 430 τῇ
1079 373 1227 429 Φρύνῃ,
1260 373 1310 414 ὡς
1340 372 1452 413 οὐδὲν
1478 372 1568 423 ἤνυε

240 441 372 493 λέγων
398 440 577 491 ἐπίδοξοί
592 457 635 481 τε
655 439 757 490 ἦσαν
778 442 813 481 οἱ
834 440 1016 480 δικασταὶ
1037 439 1420 491 καταψηφιούμενοι,
1446 455 1565 490 παρα-

243 508 375 559 γαγὼν
391 507 510 558 αὐτὴν
527 508 581 549 εἰς
606 506 831 559 τούμφανὲς
853 506 914 546 καὶ
933 505 1166 558 περιρρήξας
1182 505 1271 547 τοὺς
1288 505 1563 559 χιτωνίσκους,

243 572 371 625 γυμνά
401 590 444 614 τε
473 575 520 613 τὰ
551 572 697 626 στέρνα
728 572 912 623 ποιήσας,
944 573 1032 614 τοὺς
1061 572 1312 624 ἐπιλογικοὺς
1343 573 1493 613 οἴκτους
1523 573 1565 612 ἐκ

241 642 308 690 τῆς
333 641 466 692 ὅψεως
490 639 607 690 αὐτῆς
634 640 944 692 ἐπερρητόρευσε
974 639 1319 690 δεισιδαιμονῆσαί
1341 637 1374 677 τ’
1400 639 1565 687 ἐποίησε

240 706 330 748 τοὺς
355 708 543 749 δικαστὰς
577 702 677 758 (καὶ)
706 723 777 756 την
807 706 1006 757 ὑποφητιν
1038 705 1099 745 καὶ
1130 705 1293 757 ζάκορον
1326 704 1565 757 Ἀφροδίτης

240 771 338 828 ἐλέῳ
356 772 646 827 χαρισαμένους
660 790 712 824 μη
730 771 983 824 ἀποκτεῖναι).
1034 771 1161 829 [Ath
1187 773 1276 814 xiii.
1302 788 1341 827 p.
1370 783 1454 826 590
1473 782 1512 813 Ε.
1517 771 1533 828 ]

314 847 398 886 179.
438 842 696 895 Babington‚
729 854 857 894 quern
891 845 1063 880 secutus
1096 847 1161 880 est
1194 839 1399 889 Blassius,
1433 840 1565 880 verba

239 925 296 951 ex
310 910 580 964 Alciphrone
598 911 640 964 (i.
660 911 729 963 32)
754 910 870 957 citat,
888 909 1050 962 quippe
1068 921 1179 961 quae
1197 922 1252 949 ex
1271 908 1351 949 hac
1370 909 1567 949 oratione

240 976 435 1017 derivata
475 976 588 1016 sint:
632 974 797 1024 αἵτησόν
832 990 868 1013 τι
905 972 995 1024 παρ’
1032 971 1149 1012 αὐτοῦ
1181 972 1248 1022 (sc.
1275 969 1464 1022 Euthia),
1504 973 1567 1013 καὶ

240 1042 336 1092 ὄψει
372 1039 541 1090 σεαυτὴν
582 1036 604 1090 ἣ
647 1041 695 1080 τὰ
730 1039 872 1090 νεώρια
909 1041 1202 1091 ἐμπεπρηκυῖαν
1237 1035 1260 1088 ἣ
1297 1038 1386 1080 τοὺς
1425 1039 1566 1089 νόμους

242 1106 528 1147 καταλύουσαν.

312 1172 399 1213 180.
438 1174 730 1229 Quintilianus
765 1175 806 1227 (i.
849 1182 886 1226 5,
920 1173 990 1225 61)
1025 1174 1130 1215 citat
1167 1174 1283 1227 apud
1316 1173 1566 1224 Messalam,

238 1244 311 1297 qui
343 1244 456 1284 hanc
487 1243 727 1284 orationem
762 1242 918 1283 Latine
949 1243 1081 1284 vertit
1114 1242 1181 1297 (ib.
1215 1256 1257 1283 x.
1290 1251 1328 1295 5,
1357 1244 1409 1294 2),
1432 1243 1565 1284 verba

240 1314 251 1333 ‘
268 1312 387 1353 Bene
410 1312 508 1353 fecit
534 1309 722 1353 Euthia.’

239 1421 345 1453 Lxul,
371 1421 468 1446 Lx1v.
515 1419 619 1446 ΥΠΕΡ
643 1417 887 1446 ΧΑΙΡΕΦΙΛΟΎ
917 1418 1008 1444 ΠΕΡΙ
1037 1417 1116 1444 ΤΟΥ
1144 1416 1357 1451 ΤΑΡΙΧΟΥΣ,
1381 1418 1504 1445 ΛΟΓΟΙ
1534 1413 1568 1445 Β.

313 1481 400 1521 181.
439 1481 556 1533 ἀφεὶς
589 1481 660 1532 τὴν
689 1480 838 1532 ὑπέραν
871 1479 940 1521 τὸν
973 1480 1075 1521 πόδα
1107 1480 1239 1520 διώκει
1270 1477 1472 1531 (παροιμία
1501 1482 1566 1522 ἐπὶ

240 1551 316 1589 τῶν
342 1546 562 1600 παριέντων
587 1549 635 1587 τὰ
661 1547 948 1598 σπουδαιότερα
977 1547 1038 1588 καὶ
1069 1547 1156 1598 περὶ
1183 1548 1230 1586 τὰ
1261 1550 1396 1598 φαῦλα
1419 1550 1563 1599 διατρι-

239 1612 421 1665 βόντων).
495 1610 652 1669 [Harp.
674 1629 705 1655 s.
722 1629 760 1655 v.
784 1610 930 1665 ἀφείς.]

313 1681 399 1720 182.
438 1681 501 1721 καὶ
516 1682 585 1730 τῆς
602 1678 757 1721 Πυκνὸς
772 1683 963 1720 τοσοῦτον
981 1679 1253 1732 εὑρισκούσης.
1312 1676 1467 1735 [Harp.
1483 1697 1515 1723 s.
1525 1696 1564 1723 v.

241 1743 398 1799 Πυκνί.]

313 1814 400 1857 183.
437 1812 649 1864 (τοσαύτην
674 1811 707 1852 δ’
733 1812 938 1863 Ἀθηναῖοι
969 1812 1146 1863 σπουδὴν
1175 1814 1378 1853 ἐποιοῦντο
1406 1813 1494 1865 περὶ
1522 1812 1566 1852 τὸ

241 1879 415 1934 τάριχος,
451 1880 502 1921 ὡς
539 1879 600 1920 καὶ
634 1879 800 1922 πολίτας
834 1878 1066 1931 ἀναγράψαι
1095 1879 1185 1921 τοὺς
1217 1881 1467 1932 Χαιρεφίλου
1500 1883 1568 1919 τοῦ

241 1947 520 2000 ταριχοπώλου
536 1946 655 1987 υἱούς.
725 1946 961 1997 μνημονεύει
976 1945 1103 1987 αὐτῶν
1121 1947 1184 1987 καὶ
1200 1945 1318 1997 Ὕπ.).
1379 1946 1564 2004 [Athen.

241 2015 295 2056 iii.
319 2030 360 2068 p.
386 2027 467 2054 120
483 2011 548 2070 x]

315 2079 400 2124 184.
438 2080 536 2129 μετὰ
554 2082 675 2118 ταῦτα
690 2078 858 2129 ὕστερον
877 2077 1000 2128 ἦλθον
1015 2079 1309 2129 ἀναθησόμενοι
1325 2077 1370 2118 τὸ
1390 2077 1563 2131 τάριχος.

243 2145 508 2203 [Priscianus
530 2146 632 2187 xvii.
658 2146 679 2200 ξ
708 2144 821 2202 169.]

313 2212 399 2259 185.
439 2209 560 2261 Ἀκτή
601 2209 932 2260 (ἐπιθαλαττίδιός
979 2227 1037 2254 τις
1078 2214 1195 2263 μοῖρα
1242 2213 1311 2261 τῆς
1357 2207 1563 2261 Ἀττικῆς)

239 2278 399 2332 [Harp.
422 2294 455 2320 s.
474 2276 531 2335 v.]

288 2387 348 2425 178
395 2387 446 2418 καὶ
477 2386 551 2417 add.
585 2387 723 2426 Sauppe
857 2386 1105 2428 χαρισαμένους]
1140 2386 1362 2429 χρησαμένους
1388 2387 1566 2417 casaubon

244 2430 317 2503 {382b
329 2431 449 2462 Πνυκδς
467 2430 564 2461 codd.
690 2429 912 2472 εὑρισκούσης]
934 2436 1021 2471 εὐρος
1040 2430 1180 2471 εχούσης
1198 2430 1347 2470 Sauppe,
1367 2430 1453 2471 εὖρος
1471 2432 1565 2468 οὔσης

275 2483 294 2503 o
321 2483 377 2503 ree
