1843 2788
760 384 831 430 lv
883 383 1007 447 (ΙΙΙ)

351 542 512 582 ΤΠΕΡ
561 538 968 586 ΕΤΞΕΝΙΠΠΟΤ
1016 536 1416 585 ΕΙΣΑΓΓΕΛΙΑΣ

382 625 703 666 ΑΠΟΛΟΓΙΑ
754 620 914 667 ΠΡΟΣ
964 624 1379 665 ΠΟΛΤΕΤΚΤΟΝ

291 759 405 800 Ἀλλ’
423 760 560 812 ἔγωγε,
579 757 607 798 ὦ
627 759 764 812 ἄνδρες
784 761 978 805 δικασταί,
1001 760 1096 810 ὅπερ
1117 759 1178 798 καὶ
1199 758 1295 810 πρὸς
1314 758 1403 800 τοὺς
1421 774 1544 810 παρα-
1578 763 1667 817 [col.
1688 767 1703 800 1
1771 786 1786 801 ,ψ
1799 799 1807 812 ¹(

229 825 466 878 καθημένους
504 827 645 878 ἀρτίως
685 826 839 877 ἔλεγον,
879 824 1058 876 θαυμάζω
1099 826 1132 865 εἰ
1169 825 1221 876 μὴ
1259 826 1548 877 προσίστανται
1581 829 1594 853 1

227 893 298 944 ἤδη
335 894 425 943 ὑμῖν
458 894 497 933 αἱ
529 896 704 932 τοιαῦται
737 893 999 944 εἰσαγγελίαι.
1069 892 1114 932 τὸ
1146 894 1218 942 μὲν
1251 894 1325 944 γὰρ
1358 892 1550 943 πρότερον

229 958 544 1011 εἰσηγγέλλοντο
584 958 674 1011 παρ’
713 960 802 1009 ὑμῖν
841 959 1072 1012 Τιμόμαχος
1112 959 1173 998 καὶ
1210 957 1446 1008 Λεωσθένης
1489 958 1551 997 καὶ

191 1040 208 1071 5
231 1026 537 1075 Καλλίστρατος
577 1025 638 1066 καὶ
676 1026 813 1066 Φίλων
852 1025 872 1064 ὁ
911 1022 958 1074 ἐξ
991 1024 1161 1066 Ἀναίων
1201 1025 1262 1065 καὶ
1299 1025 1495 1076 Θεότιμος
1533 1025 1552 1063 ὁ

231 1091 388 1143 Σηστὸν
407 1091 611 1135 ἀπολέσας
631 1093 692 1132 καὶ
713 1092 839 1144 ἕτεροι
857 1095 1040 1132 τοιοῦτοι·
1076 1092 1138 1132 καὶ
1158 1093 1194 1132 οἱ
1217 1093 1288 1143 μὲν
1308 1090 1435 1131 αὐτῶν
1460 1094 1552 1132 ναῦς

231 1160 358 1200 αἰτίαν
394 1158 556 1212 ἔχοντες
594 1162 817 1211 προδοῦναι,
857 1160 892 1199 οἱ
929 1160 970 1199 δὲ
1008 1160 1145 1200 πόλεις
1181 1157 1415 1208 Ἀθηναίων,
1455 1158 1474 1196 ὁ
1511 1159 1552 1197 δὲ

229 1224 358 1278 ῥήτωρ
384 1224 436 1266 ὢν
460 1224 595 1277 λέγειν
619 1225 671 1276 μὴ
696 1227 745 1265 τὰ
769 1225 913 1277 ἄριστα
938 1229 988 1279 τῷ
1015 1224 1134 1279 δήμῳ.
1197 1225 1259 1265 καὶ
1288 1225 1375 1265 οὔτε
1404 1224 1552 1264 τούτων
1583 1242 1603 1266 2

231 1291 348 1333 πέντε
372 1294 498 1333 ὄντων
524 1291 649 1334 οὐδεὶς
673 1291 855 1343 ὑπέμεινε
880 1291 949 1332 τὸν
974 1293 1120 1344 ἀγῶνα,
1148 1291 1239 1332 ἀλλ’
1265 1290 1372 1332 αὐτοὶ
1403 1288 1552 1346 ᾤχοντο

175 1375 214 1397 10
232 1359 448 1411 φεύγοντες
473 1360 515 1399 ἐκ
539 1361 608 1409 τῆς
633 1356 798 1405 πόλεως,
821 1358 900 1399 οὔτ’
921 1358 1040 1398 ἄλλοι
1067 1359 1212 1399 πολλοὶ
1235 1361 1313 1399 τῶν
1338 1359 1550 1410 εἰσαγγελ-
1583 1361 1675 1415 [col.
1693 1367 1714 1400 2

232 1425 425 1477 λομένων,
446 1425 537 1466 ἀλλῖ
558 1424 605 1475 ἦν
629 1425 799 1466 σπάνιον
826 1427 922 1466 ἰδεῖν
948 1424 1013 1465 ἀπ’
1034 1426 1289 1477 εἰσαγγελίας
1314 1426 1401 1465 τινὰ
1427 1425 1551 1476 κρινό-

233 1509 352 1543 μενον
371 1492 651 1533 ὑπακούσαντα
671 1493 726 1534 εἰς
744 1491 788 1531 τὸ
808 1490 1075 1543 δικαστήριον·
1114 1492 1235 1533 οὕτως
1254 1493 1350 1543 ὑπὲρ
1368 1490 1555 1543 μεγάλων

235 1558 481 1610 ἀδικημάτων
503 1559 563 1599 καὶ
582 1562 811 1611 περιφανῶν
837 1561 876 1599 αἱ
902 1559 1153 1611 εἰσαγγελίαι
1177 1559 1267 1598 τότε
1291 1557 1407 1608 ἦσαν.
1473 1558 1556 1598 νυνὶ
1587 1578 1606 1611 3

236 1627 277 1666 δὲ
310 1625 354 1665 τὸ
387 1626 622 1679 γιγνόμενον
655 1627 697 1666 ἐν
729 1631 776 1682 τῇ
809 1626 925 1666 πόλει
958 1624 1058 1666 πάνυ
1096 1625 1397 1678 καταγέλαστόν
1433 1625 1555 1665 ἐστιν.

180 1708 216 1740 15
239 1693 450 1745 Διογνίδης
485 1694 556 1743 μὲν
597 1692 658 1732 καὶ
692 1691 928 1744 Ἀντίδωρος
962 1693 981 1731 ὁ
1013 1691 1192 1742 μέτοικος
1225 1690 1558 1744 εἰσαγγέλλονται

238 1759 289 1801 ὡς
321 1758 490 1801 πλέονος
522 1762 757 1810 μισθοῦντες
786 1761 855 1802 τὰς
885 1760 1120 1811 αὐλητρίδας
1145 1755 1168 1808 ἦ
1194 1759 1214 1797 ὁ
1243 1759 1361 1809 νόμος
1394 1758 1555 1803 κελεύει,

238 1825 483 1878 Ἀγασικλῆς
504 1825 536 1866 δ’
557 1827 576 1865 ὁ
596 1827 639 1866 ἐκ
656 1825 873 1877 Πειραιέως
892 1826 951 1866 ὅτι
972 1827 1025 1867 εἰς
1045 1824 1323 1876 Ἁλιμουσίους
1343 1824 1557 1876 ἐνεγράφη,

239 1891 487 1943 Εὐξένιππος
512 1892 544 1932 δ’
568 1893 666 1944 ὑπὲρ
690 1896 768 1932 τῶν
793 1893 984 1933 ἐνυπνίων
1009 1893 1063 1933 ὧν
1088 1898 1213 1945 φησιν
1243 1890 1468 1944 ἑωρακέναι·
1506 1892 1560 1931 ὧν

238 1960 398 2010 οὐδεμία
423 1958 546 2009 δήπου
570 1963 646 2000 τῶν
671 1960 805 2000 αἰτιῶν
829 1959 978 2019 τούτων
1003 1959 1114 1999 οὐδὲν
1140 1962 1320 2000 κοινωνεῖ
1344 1962 1396 2013 τῷ
1423 1959 1557 2010 εἰσαγ-
1591 1957 1679 2011 [col.
1699 1963 1719 1996 3

181 2046 221 2068 20
238 2030 406 2080 γελτικῷ
432 2027 551 2080 νόμῳ.

308 2094 460 2139 Καίτοι,
483 2090 512 2132 ὦ
538 2092 674 2145 ἄνδρες
699 2094 893 2139 δικασταί,
917 2093 980 2133 ἐπὶ
999 2096 1076 2133 τῶν
1101 2093 1302 2143 δημοσίων
1327 2091 1490 2144 ἀγώνων
1516 2091 1560 2130 οὐ
1588 2106 1610 2140 4

239 2158 315 2212 χρὴ
340 2158 430 2201 τοὺς
455 2161 643 2201 δικαστὰς
667 2160 857 2211 πρότερον
882 2161 929 2199 τὰ
956 2158 1040 2199 καθ’
1066 2159 1215 2200 ἕκαστα
1234 2161 1302 2209 τῆς
1327 2158 1561 2210 κατηγορίας

282 2268 413 2299 Titulus
429 2269 462 2299 in
478 2268 515 2306 „R
534 2274 655 2300 exstat.
703 2268 775 2301 Col.
798 2279 811 2299 1
832 2283 860 2295 =
877 2269 939 2300 col.
961 2270 999 2299 18
1017 2268 1175 2300 editionis
1193 2268 1388 2299 Blassianae
1486 2276 1506 2306 5
1531 2270 1564 2309 ἐξ

239 2311 385 2353 Ἀναίων]
406 2313 559 2353 Αἰξωνεὺς
576 2313 662 2343 coni.
684 2312 923 2343 Schneidewin
1100 2322 1136 2343 11
1163 2313 1239 2344 ἀλλ’
1257 2336 1264 2343 .
1282 2336 1289 2344 .
1306 2335 1313 2343 .
1335 2313 1413 2343 ἰδεῖν
1428 2321 1494 2342 om.
1510 2310 1560 2348 3,

239 2356 302 2387 ins.
320 2354 372 2393 ΞΖ
493 2366 531 2395 14
554 2356 724 2397 ’γινόμενον
739 2356 787 2394 Ξ.
806 2362 839 2387 et
856 2355 975 2387 similia
991 2356 1078 2396 alibi,
1099 2366 1184 2395 quae
1202 2365 1271 2385 non
1289 2355 1433 2394 amplius
1450 2355 1562 2385 notavi

243 2408 278 2438 17
305 2406 491 2440 Αγησικλης
508 2398 555 2436 R.
574 2410 656 2431 corr.
679 2399 758 2430 Bab.
778 2410 821 2430 ex
840 2399 1109 2439 Harpocratione
1126 2404 1159 2430 et
1177 2399 1279 2430 Suida
1296 2409 1320 2430 s.
1336 2408 1367 2430 v.
