1843 2788
701 126 1137 170 CITATIONES

334 246 419 280 144.
457 234 715 287 παράβυστος
749 235 945 286 (ἐκαλεῖτό
979 254 1037 280 τις
1074 239 1115 279 ἐν
1151 243 1232 281 τοῖς
1268 244 1476 292 νυμφικοῖς
1510 243 1581 280 δω-

259 302 414 352 ματίοις
441 302 503 341 καὶ
530 303 641 352 κλίνη
668 302 938 354 παράβυστος,
959 304 1006 355 ἧς
1028 305 1221 356 μέμνηται
1246 305 1362 356 “Ύ“π.).
1421 306 1582 364 [Harp.

261 384 292 411 s.
311 366 370 425 τη]
423 369 567 411 Addit
591 370 751 411 Pollux
770 368 841 419 (iii.
864 369 946 426 43),
964 371 986 421 ἡ
1007 372 1068 411 καὶ
1088 371 1182 422 αὐτὴ
1204 373 1446 424 στρώννυται
1470 373 1513 413 ἐν
1531 376 1584 427 τῷ

263 434 442 488 δωματίῳ
467 434 564 485 ὑπὲρ
589 438 656 474 τοῦ
680 434 750 484 τὴν
775 438 895 476 παῖδα
919 437 970 487 μὴ
997 438 1208 489 ἀθυμῆσαι,
1237 439 1287 480 ὣς
1312 438 1399 479 ξΤπ.
1430 439 1520 491 ἔφη.

332 511 417 546 145.
456 503 741 552 Φορβαντεῖον.
814 504 967 557 [Harp.
989 521 1021 547 s,
1039 503 1098 561 12]

762 596 792 618 1..
839 594 1087 622 ΠΛΑΤΑῙΚΟΣ.

322 648 463 688 Huius
484 648 690 689 orationis
717 649 980 690 mentionem
1007 650 1109 691 facit
1135 652 1390 693 Plutarchus
1411 652 1583 703 (Mora—

262 717 336 766 lia,
359 731 398 770 p.
423 726 507 770 350
524 719 580 761 B).

371 809 416 830 M.
469 806 575 832 ΚΑΤΑ
607 806 877 834 ΠΟΛΎΕΤΚΤΟΤ
909 808 1000 835 ΠΕΡΙ
1032 809 1110 836 ΤΟΥ
1141 810 1474 839 ΔῙΑΓΡΑΜΜΑΤΟΣ.

336 868 420 913 146.
460 872 694 920 συμμορῖται
718 867 781 920 (=
799 871 834 909 οἱ
854 871 922 919 τῆς
947 870 1064 921 αὐτῆς
1083 872 1213 914 αὑτοῖς
1230 871 1464 925 μετέχοντες
1489 890 1587 924 συμ-

263 935 412 987 μορίας.
474 936 532 974 ὅτι
575 937 616 975 δὲ
660 934 722 974 καὶ
758 937 793 975 οῖ
826 938 1086 987 δημοποίητοι
1123 938 1391 990 ἐνεγράφοντο
1429 941 1484 981 εἷς
1519 941 1589 982 τὰς

265 1003 482 1053 συμμορίας
508 1000 729 1051 δεδήλωκεν
755 1002 774 1040 ὁ
799 1001 915 1044 ‘Tam
988 1000 1144 1059 [Harp.
1166 1021 1195 1047 s.
1215 1021 1251 1047 v.
1278 1003 1505 1059 συμμορία.]

336 1080 421 1115 147.
462 1068 616 1120 ἡγεμὼν
650 1069 868 1120 συμμορίας
896 1068 994 1121 (=6
1026 1069 1208 1123 προέχων
1242 1072 1398 1126 πλούτῳ
1433 1073 1495 1113 καὶ
1527 1074 1588 1113 διὰ

263 1138 376 1175 τοῦτο
403 1138 479 1175 τῶν
505 1134 641 1175 ἄλλων
662 1135 913 1186 ἡγεμονεύειν
935 1134 1245 1187 ἐπειλημμένος).
1319 1135 1475 1194 [Harp.
1499 1155 1529 1182 s.
1549 1155 1587 1182 v.

263 1197 449 1254 ἡγεμών]

338 1275 419 1313 148.
459 1266 769 1320 συμμοριάρχας.
844 1267 1021 1326 [Pollux
1045 1271 1101 1311 iii.
1125 1269 1214 1327 53]

337 1346 422 1382 149.
459 1336 680 1385 μετοικικῆς
693 1336 912 1386 συμμορίας
926 1336 1078 1386 ταμίας.
1138 1334 1319 1393 [Pollux
1340 1337 1426 1378 viii.
1455 1335 1569 1393 144]

339 1410 425 1448 150.
464 1401 569 1440 οὗτοι
606 1401 800 1442 πολλάκις
837 1402 983 1453 ἀγορὰς
1022 1405 1234 1442 ποιοῦνται.
1308 1399 1462 1457 [Harp.
1501 1418 1586 1445 sav.

263 1463 437 1520 ἀγοράς]

339 1545 424 1580 151.
466 1532 737 1584 ἀνασυντάξας
756 1533 768 1583 (
784 1551 820 1565 =
837 1535 987 1575 ἄνωθεν
1014 1534 1235 1585 συντάξας).
1299 1534 1457 1592 [Harp.
1481 1550 1511 1576 s.
1529 1536 1588 1589 tn]

340 1612 423 1647 152.
463 1599 698 1652 διάγραμμα.
792 1602 856 1656 Cf.
909 1617 976 1644 no.
1025 1615 1116 1644 102.
1206 1601 1447 1653 διαγραφεύς
1491 1600 1590 1652 (εὖ

266 1666 549 1718 καθιστάμενος
585 1668 627 1707 εἰ·
663 1671 746 1709 ταῖς
783 1669 1016 1719 συμμορίαις
1054 1669 1117 1708 ἐπὶ
1153 1669 1206 1722 τῷ
1236 1670 1427 1719 διακρῖναι
1463 1668 1591 1708 πόσον

266 1736 434 1776 ἕκαστος
450 1734 548 1785 ἀνὴρ
568 1735 808 1786 εἰσενεγκεῖν
824 1735 1005 1786 ὀφείλει).
1062 1734 1218 1794 [Harp.
1234 1751 1265 1778 s.
1278 1750 1315 1777 v.
1334 1730 1588 1786 διάγραμμα]

338 1810 424 1848 153.
464 1800 689 1852 Θαργήλια.
764 1800 1049 1859 [Harp.s.v.]

339 1878 424 1913 154.
461 1866 740 1917 ὀβολοστάτας
779 1866 840 1918 (=
857 1867 946 1909 τοὺς
992 1867 1227 1917 δανειστάς).
1302 1864 1457 1923 [Harp.
1495 1883 1526 1909 s.
1549 1883 1587 1910 v.

265 1930 561 1986 ὀβολοστατεῖ.]

473 2029 535 2052 1.11.
584 2026 675 2053 ΠΕΡΙ
708 2026 786 2053 ΤΟΥ
817 2026 1090 2053 ΠΟΛὙΕΎΚΤΟΝ
1122 2026 1382 2053 ΣΤΡΑΤΗΓΕΙΝ.

306 2126 311 2132 ,
340 2095 426 2132 155.
458 2083 612 2123 ”Ακτια.
686 2083 847 2141 [Harp.
871 2099 902 2124 s.
923 2082 984 2141 tn]

339 2152 426 2197 156.
465 2151 649 2200 ἀλιμενία
673 2150 766 2201 (τῶν
790 2149 948 2201 τόπων).
1023 2148 1345 2208 [Antiatticista
1379 2151 1420 2191 in
1455 2150 1587 2191 Bekk.

265 2220 423 2260 Anecd.
449 2220 512 2272 78,
539 2219 588 2257 18
610 2233 618 2269 ;
648 2219 701 2271 cf.
727 2218 885 2258 Pollux
909 2218 932 2257 i.
960 2215 1072 2273 101.]

340 2296 426 2331 151.
463 2283 507 2323 τὸ
542 2285 614 2334 μὲν
651 2283 717 2322 οὖν
752 2286 829 2322 τῶν
862 2283 1110 2322 ἐλαυνόντων
1146 2283 1297 2332 πλῆθος
1327 2281 1388 2321 καὶ
1423 2284 1491 2321 τὸν
1523 2284 1591 2321 τοῦ

266 2352 400 2402 ῥοθίου
425 2351 566 2403 ψόφον
593 2350 655 2390 καὶ
680 2349 724 2389 τὸ
755 2349 924 2401 μέγεθος
955 2352 1023 2388 τοῦ
1057 2348 1236 2400 σκάφους
1273 2346 1590 2399 ἐκπεπληγμένοι

267 2421 402 2459 δεινῶς
426 2415 541 2467 ἦσαν.
596 2412 732 2468 [Suid.
757 2418 796 2458 ii.
824 2429 860 2467 2,
885 2432 924 2470 p.
951 2417 1057 2466 6223
1087 2417 1141 2470 cf.
1170 2417 1306 2470 Harp.
1330 2410 1588 2466 3.’ν.ῥόθιοι’.]
