1843 2788
196 142 254 180 VI
762 143 1124 181 ΎΠΕΡΕΙΔΟΎ

283 246 545 297 ὑβρισθείσης
569 245 731 297 ἤμυναν,
760 246 780 285 ὁ
805 248 847 287 δὲ
871 251 1012 288 πασῶν
1041 250 1117 288 τῶν
1141 246 1390 298 Ἑλληνίδων
1418 249 1488 290 τὰς
1518 250 1601 289 ἐπι-

285 311 506 363 φερομένας
537 312 673 364 ὕβρεις
707 312 919 358 ἐκώλυσεν,
946 314 1045 363 μετὰ
1073 317 1150 354 τῶν
1184 313 1513 365 συνθαπτομένων
1539 318 1606 355 νῦν

285 377 387 432 αὐτῷ
417 379 579 430 ἀνδρῶν,
607 382 685 419 τῶν
717 378 801 429 μετ’
827 380 998 421 ἐκείνους
1029 382 1102 430 μὲν
1132 380 1419 433 γεγενημένων,
1444 379 1535 431 ἄξια
1563 382 1605 421 δὲ

210 454 253 489 37
283 446 352 494 τῆς
377 445 538 485 ἐκείνων
571 446 710 497 ἀρετῆς
743 445 1108 498 διαπεπραγμένων.
1177 446 1283 499 λέγω
1317 446 1363 497 δὴ
1395 446 1484 489 τοὺς
1517 447 1605 499 περὶ

89 511 162 548 col.
190 509 252 562 13]
285 510 510 561 Μιλτιάδην
531 513 592 552 καὶ
613 511 894 562 Θεμιστοκλέα
914 513 976 553 καὶ
995 513 1085 554 τοὺς
1103 512 1262 559 ἄλλους,
1281 514 1318 554 οἳ
1336 513 1407 564 τὴν
1425 512 1604 554 Ἑλλάδα
1623 527 1640 558 5

283 578 621 629 ἐλευθερώσαντες
638 578 793 629 ἔντιμον
808 580 879 630 μὲν
894 578 965 629 τὴν
981 580 1149 631 πατρίδα
1165 579 1429 630 κατέστησαν,
1443 578 1605 630 ἔνδοξον

209 649 253 691 38
282 641 358 694 <δὲ>
379 643 448 684 τὸν
472 644 599 685 αὑτῶν
623 645 715 695 βίον
743 645 947 695 ἐποίησαν,
968 646 1022 686 ὧν
1042 646 1153 688 οὗτος
1172 649 1363 686 τοσοῦτον
1381 646 1604 699 ὑπερέσχεν

284 711 441 764 ἀνδρείᾳ
478 711 541 751 καὶ
578 710 785 764 φρονήσει,
824 713 922 752 ὅσον
959 714 994 752 οἱ
1031 715 1102 762 μὲν
1138 714 1385 753 ἐπελθοῦσαν
1421 712 1490 762 τὴν
1527 717 1604 754 τῶι·

283 776 502 829 βαρβάρων
528 777 692 828 δύναμιν
721 778 931 829 ἠμύναντο,
959 779 979 817 ὁ
1007 781 1048 819 δὲ
1077 778 1164 829 μηδ’
1190 780 1372 820 ἐπελθεῖν
1402 780 1602 829 ἐποίησεν.

285 844 455 884 κάκεῖνοι
480 846 550 894 μὲν
577 845 618 884 ἐν
643 845 688 900 τῇ
715 846 838 898 οἰκείᾳ
863 845 952 887 τοὺς
987 846 1151 899 ἐχθροὺς
1182 846 1336 886 ἐπεῖδον
1366 845 1601 898 ἀγωνιζομέ-
1627 859 1663 882 10

283 927 384 955 νους,
407 910 519 951 οὗτος
545 913 586 951 δὲ
607 911 647 951 ἐν
667 912 712 967 τῇ
732 916 809 952 τῶν
829 913 981 965 ἐχθρῶν
998 911 1246 965 περιεγένετο
1265 916 1343 953 τῶν
1364 912 1602 953 ἀντιπάλων.

209 992 253 1027 39
350 975 471 1027 Οἶμαι
497 979 538 1017 δὲ
565 979 627 1018 καὶ
653 975 777 1029 (τοὺς)
803 978 874 1028 τὴν
900 982 996 1031 πρὸς
1022 977 1223 1029 ἀλλήλους
1249 980 1390 1031 φιλίαν
1415 980 1466 1033 τῷ
1497 977 1603 1033 δήμῳ

283 1044 532 1094 βεβαιότατα
558 1044 865 1095 ἐνδειξαμένους,
892 1045 998 1097 λέγω
1030 1047 1071 1085 δὲ
1095 1045 1302 1097 Ἃρμόδιον
1333 1046 1395 1086 καὶ
1420 1045 1601 1098 Ἀριστο-

283 1111 453 1162 γείτονα,
482 1110 658 1161 οὐδαμῶς
683 1111 822 1153 αὑτοὺς
848 1111 1103 1163 οἰκειοτέρους
1128 1113 1218 1162 ὑμῖν
1245 1112 1344 1152 εἶναι
1369 1111 1552 1162 νομίζειν,
1580 1109 1602 1161 ἦ

283 1176 495 1227 Λεωσθένη
518 1177 580 1218 καὶ
604 1177 692 1220 τοὺς
719 1178 852 1233 ἐκείνῳ
879 1177 1291 1230 συναγωνισαμένους,
1314 1177 1392 1219 οὐδ’
1412 1178 1522 1218 ἔστιν
1547 1179 1604 1220 οἷς
1626 1189 1662 1220 15

283 1243 331 1284 ἂν
354 1247 510 1295 μᾶλλον
535 1241 558 1294 ἢ
584 1244 736 1287 τούτοις
760 1244 1030 1295 πλησιάσειαν
1056 1246 1097 1285 ἐν
1115 1244 1268 1285 ”Αιδου.
1328 1245 1499 1286 εἰκότως·
1537 1245 1604 1286 οὐκ

285 1310 435 1351 ἐλάττω
460 1312 535 1363 γὰρ
562 1312 721 1352 ἐκείνων
747 1311 844 1364 ἔργα
868 1311 1139 1364 διεπράξαντο,
1167 1311 1259 1352 ἀλλ’
1286 1313 1319 1352 εἰ
1348 1311 1436 1352 δέον
1467 1313 1603 1357 εἰπεῖν,

286 1377 348 1417 καὶ
372 1378 504 1428 μείζω.
575 1380 611 1418 οἱ
634 1380 706 1429 μὲν
732 1380 806 1431 γὰρ
831 1379 921 1421 τοὺς
945 1381 1014 1429 τῆς
1042 1380 1226 1431 πατρίδος
1255 1377 1464 1430 τυράννους
1493 1377 1602 1418 κατέ-

210 1457 256 1489 40
284 1450 426 1490 λυσαν,
455 1444 561 1484 οὗτοι
587 1447 628 1485 δὲ
653 1445 742 1487 τοὺς
766 1447 834 1496 τῆς
857 1445 1055 1488 Ἑλλάδος
1084 1445 1253 1495 ἁπάσης.
1326 1444 1354 1484 ὢ
1381 1447 1502 1495 καλῆς
1535 1446 1605 1495 μὲν

286 1512 348 1551 καὶ
365 1510 588 1563 παραδόξου
603 1512 751 1563 τόλμης
767 1514 836 1562 τῆς
851 1514 1096 1566 πραχθείσης
1111 1511 1185 1552 ὑπὸ
1201 1514 1322 1552 τῶνδε
1341 1515 1419 1552 τῶν
1440 1511 1603 1563 ἀνδρῶν,
1626 1527 1665 1548 20

286 1577 445 1628 ἐνδόξου
471 1580 511 1618 δὲ
542 1579 604 1618 καὶ
633 1583 959 1631 μεγαλοπρεποῦς
990 1578 1255 1631 προαιρέσεως
1283 1578 1328 1629 ἧς
1357 1579 1603 1630 προείλοντο,

285 1644 620 1696 ὑπερβαλλούσης
645 1647 686 1686 δὲ
713 1645 852 1698 ἀρετῆς
878 1646 940 1686 καὶ
970 1646 1233 1698 ἀνδραγαθίας
1257 1647 1326 1695 τῆς
1351 1646 1393 1686 ἐν
1418 1647 1500 1687 τοῖς
1526 1661 1603 1685 κιν-

286 1711 426 1758 δύνοις,
462 1710 509 1761 ἣν
543 1711 649 1752 οὗτοι
685 1713 984 1766 παρασχόμενοι
1019 1714 1072 1754 εἷς
1105 1712 1176 1762 τὴν
1215 1711 1347 1762 κοινὴν
1381 1712 1607 1763 ἐλευθερίαν

286 1781 364 1818 τῶν
388 1777 598 1828 Ἑλλήνων
626 1810 819 1818 ......

581 1852 598 1872 *
937 1851 954 1871 *
1293 1852 1311 1871 *

211 1921 252 1954 41
353 1911 543 1953 Χαλεπὸν
581 1914 653 1963 μὲν
691 1914 789 1954 ἴσως
826 1913 914 1953 ἐστὶ
949 1912 1038 1955 τοὺς
1074 1914 1116 1953 ἐν
1151 1916 1232 1954 τοῖς
1267 1911 1457 1953 τοιούτοις
1493 1913 1608 1953 ὄντας
1627 1927 1665 1958 25

288 1978 432 2019 πάθεσι
457 1981 783 2031 παραμυθεῖσθαι.
821 1980 869 2019 τὰ
896 1980 970 2032 γὰρ
996 1979 1117 2030 πένθη
1144 1979 1232 2020 οὔτε
1256 1979 1363 2033 λόγῳ
1389 1979 1477 2019 οὔτε
1501 1978 1607 2031 νόμῳ

288 2045 511 2096 κοιμίζεται,
533 2044 624 2086 ἀλλ’
649 2046 671 2096 ἡ
699 2046 821 2098 φύσις
847 2045 1016 2086 ἑκάστου
1037 2046 1098 2086 καὶ
1119 2046 1236 2098 φιλία
1260 2049 1356 2097 πρὸς
1380 2045 1450 2086 τὸν
1473 2050 1607 2085 τελευ-

285 2111 463 2161 τήσαντα
488 2109 591 2163 <τὸν>
619 2112 783 2163 ὁρισμὸν
817 2112 901 2166 ἔχει
933 2116 1002 2152 τοῦ
1029 2115 1255 2153 λυπεῖσθαι.
1326 2113 1430 2162 ὅμως
1459 2114 1501 2152 δὲ
1532 2110 1609 2164 χρὴ

334 2231 349 2260 7
379 2221 413 2253 δὲ
437 2222 512 2252 add.
530 2221 614 2251 Bab.
779 2232 815 2251 12
839 2223 912 2254 τοὺς
937 2222 1013 2253 add.
1034 2222 1115 2252 Bab.
1288 2231 1325 2260 14
1349 2223 1490 2262 οὐδαμῶς
1515 2221 1607 2262 κτλ.]

289 2264 382 2295 locus
406 2270 584 2304 corruptus
600 2275 606 2294 :
639 2269 783 2297 ουθενους
805 2279 903 2298 ουτως
926 2279 1031 2298 αυτοις
1049 2278 1256 2306 οικειοτερους
1273 2279 1361 2304 υμειν
1379 2279 1456 2297 ειναι
1473 2264 1611 2305 νομιζειν

290 2322 328 2341 ως
360 2314 393 2340 Λ.
430 2308 485 2351 ἐς
524 2309 727 2339 sententiam
768 2319 835 2340 non
876 2309 1006 2340 dubiam
1046 2308 1102 2339 alii
1141 2309 1213 2339 aliis
1249 2308 1357 2339 modis
1393 2308 1610 2339 restituerunt

291 2363 329 2389 24
367 2352 544 2389 Ἐλλήνωνῖ
577 2352 630 2382 hic
659 2352 783 2383 desinit
813 2353 961 2383 rotulus:
994 2353 1149 2391 epilogus
1173 2356 1286 2382 autem
1312 2353 1398 2391 apud
1427 2352 1608 2382 stobaeum

310 2395 398 2425 Flor.
416 2405 485 2433 124,
499 2396 553 2435 36)
572 2400 726 2426 servatus
741 2401 790 2426 cst
881 2397 921 2426 28
945 2397 1003 2428 τὸν
1019 2396 1145 2426 addidit
1162 2395 1297 2435 Sauppe
