1843 2788
386 136 473 177 EX
519 135 1007 178 ORATIONIBVS
1055 137 1488 179 DEPERDITIS

272 238 329 278 rei
355 238 581 286 familiaris,
605 253 682 292 pro
706 238 908 280 malivolo
931 253 1137 280 severum.
1191 240 1372 281 Nullum
1397 247 1462 282 est
1479 242 1593 281 enim

270 308 438 356 vitium,
461 321 548 360 quo
571 307 741 348 virtutis
765 307 892 348 laude
913 307 1087 361 gloriari
1112 307 1273 360 possis!

717 410 774 433 xv.
823 408 926 435 ΥΠΕΡ
959 409 1157 435 ΑΡΠΑΛΟΎ.

802 459 847 497 (εἶ
861 459 904 497 μὴ
922 459 1068 499 ψευδής.)

341 534 402 570 45.
440 523 734 574 ἐκπηδήσαντες
774 526 816 565 ἐκ
854 529 930 566 τῶν
971 527 1341 578 περδικοτροφείων.
1414 527 1594 584 [Pollux

272 598 315 623 x.
342 594 389 622 ι’
424 614 431 622 .

365 580 454 638 ⁰9]
640 647 716 670 κη.
767 638 854 671 KAT'
881 645 1223 674 ΑΡΧΕΣΤΡΑΤῙΔΟΎ.

341 707 404 752 46.
440 705 670 757 (κινήσομεν
705 709 746 747 δὲ
781 706 908 753 ἔλεον,
943 707 1014 748 κᾶν
1047 703 1360 760 ὑποδεικνύωμεν
1394 709 1518 751 πάθος
1552 709 1595 749 τὸ

274 772 533 824 συμβεβηκὸς
566 773 658 825 περί
687 790 796 815 τινας
828 777 905 814 τῶν
937 775 1091 814 οἰκείων
1124 778 1193 814 τοῦ
1228 775 1454 827 κρινομένου
1479 773 1501 826 ἢ
1527 779 1596 815 τοῦ

271 843 496 885 τεθνεῶτος,
535 837 623 890 (ὡς)
659 834 748 879 ‘Tm
787 841 829 880 ἐν
866 843 918 894 τῷ
958 840 1041 880 κατ’
1076 840 1173 892 'Aps
1224 840 1401 891 ἐπέξεισι
1438 844 1511 895 γὰρ
1548 845 1595 882 τὰ

273 906 560 958 συμβεβηκότα
595 911 642 962 τῇ
678 909 746 945 τοῦ
784 905 964 946 Ὀνείδου
1000 906 1147 959 μητρί).
1222 907 1450 966 [Apsi11es‚
1474 908 1593 962 τέχνη

269 974 352 1024 ῥητ.
381 975 404 1014 i.
426 988 466 1027 p.
488 985 571 1027 403
595 970 822 1029 Spengel]

339 1048 401 1085 47.
436 1039 510 1088 (ὅτι
535 1038 604 1078 οὐκ
629 1037 727 1088 ἐξῆν
751 1042 831 1079 τοῖς
861 1039 1108 1090 ἀποδημοῦσι
1138 1040 1325 1090 θεωρικὸν
1356 1040 1592 1091 λαμβάνειν,

269 1104 357 1146 “Ύ“π.
385 1104 607 1155 δεδήλωκεν
632 1105 673 1144 ἐν
699 1108 751 1159 τῷ
781 1104 862 1145 κατ’
888 1103 1000 1157 Ἀρ.).
1072 1098 1228 1162 [Harp.
1252 1123 1281 1148 s.
1298 1123 1336 1150 v,
1359 1106 1558 1164 θεωρικά]

337 1173 400 1218 48.
440 1171 648 1222 Εὔβουλος
671 1170 706 1221 (ὁ
733 1170 925 1222 κωμικός).
998 1171 1155 1229 [Harp.
1177 1188 1208 1214 s.
1226 1171 1286 1229 tu]

338 1251 400 1285 49.
440 1237 523 1289 ἱερά
546 1236 616 1289 (=
640 1239 688 1277 τὰ
713 1242 789 1278 τῶν
809 1239 1054 1288 τεθνηκότων
1080 1235 1206 1287 ὀστᾶ).
1268 1238 1593 1296 [Antiatticista

268 1307 309 1346 in
333 1305 468 1347 Bekk.
486 1305 644 1346 Anecd.
669 1320 708 1359 p.
739 1318 830 1354 100,
855 1303 941 1363 18.]

336 1381 398 1417 50.
438 1372 473 1410 οἱ
516 1370 605 1411 τοὺς
645 1369 890 1422 ἰθυφάλλους
933 1371 974 1412 ἐν
1014 1371 1058 1426 τῇ
1098 1369 1303 1425 ὀρχήστρᾳ
1345 1371 1591 1425 ὀρχούμενοι.

273 1435 430 1493 [Harp.
453 1453 485 1478 s.
503 1453 540 1478 v.
570 1434 818 1490 ἰθύφαλλοι]

337 1513 400 1549 5¹·
429 1501 645 1553 (Πάραλος·
672 1505 708 1543 οἱ
725 1504 1015 1554 ἐπιβεβηκότες
1032 1503 1150 1554 αὐτῆς
1168 1505 1380 1544 ἐκαλοῦντο
1396 1503 1591 1555 Πάραλοι,

265 1569 301 1609 οἳ
343 1570 406 1609 διὰ
443 1570 587 1619 ταύτην
625 1569 696 1619 τὴν
734 1570 954 1622 ὑπηρεσίαν
1001 1565 1020 1609 δ
1069 1588 1110 1610 τε
1149 1569 1322 1621 ὀβολοὺς
1361 1569 1592 1621 ἐλάμβανον

268 1635 330 1675 καὶ
365 1634 409 1675 τὸ
448 1639 588 1676 πλεῖον
623 1635 741 1688 μέρος
777 1640 844 1676 τοῦ
880 1638 1056 1678 ἐνιαυτοῦ
1092 1638 1191 1677 οἴκοι
1225 1636 1377 1687 ἔμενον,
1412 1637 1519 1678 ἄλλα
1550 1637 1593 1678 τέ

265 1719 353 1742 τινα
388 1703 564 1755 ὑπῆρχεν
602 1703 734 1745 αὐτοῖς
769 1705 873 1755 παρὰ
909 1706 978 1755 τῆς
1015 1705 1182 1750 πόλεως,
1221 1704 1273 1745 ὥς
1309 1709 1438 1756 φησιν
1473 1703 1590 1753 ‘Tm-q.

267 1767 431 1825 [Harp.
454 1784 485 1810 s.
502 1766 561 1825 ru]

333 1843 395 1880 52.
435 1835 710 1876 Ξυπεταίονες.
784 1832 1075 1893 [Harp.s.v.]

333 1910 396 1948 53.
434 1901 476 1941 ἐν
501 1901 746 1956 παραβύστῳ
771 1900 838 1952 (z
863 1900 1016 1954 κρύφα).
1091 1901 1252 1960 [Harp.
1275 1918 1307 1944 s.
1325 1900 1384 1959 tu]

333 1976 394 2013 54.
434 1967 644 2018 Στειριεύς.
718 1967 879 2025 [Harp.
903 1967 1007 2025 s.v.]

523 2076 616 2099 xvu.
664 2066 753 2100 KAT’
784 2073 1052 2102 A‘r‘roxAEo‘rz
1085 2074 1329 2103 ΠΡοΔοΣιΑΣ.

333 2143 394 2181 55.
435 2135 497 2175 καὶ
513 2135 725 2187 Σωκράτην
745 2137 780 2176 οἱ
801 2137 991 2188 πρόγονοι
1009 2136 1119 2187 ἡμῶν
1140 2137 1204 2177 ἐπὶ
1222 2138 1360 2190 λόγοις
1386 2138 1587 2187 ἐκόλαζον.

267 2199 418 2257 [Greg.
440 2203 536 2245 Cor.
559 2204 613 2245 ad
639 2204 850 2258 Hermog.
874 2204 940 2245 vii.
965 2219 1004 2257 p.
1031 2206 1138 2254 1148
1161 2202 1319 2261 Walz]

332 2269 395 2312 56.
436 2266 660 2319 ἐγκάθετος.
723 2268 1046 2326 [Antiatticista
1064 2271 1105 2312 in
1125 2272 1261 2313 Bekk.
1275 2271 1434 2313 Auccd.
1454 2286 1494 2325 p.
1514 2275 1582 2325 96,

263 2323 352 2382 30-]

765 2420 808 2456 46
833 2420 871 2451 ὡς
889 2419 966 2450 add.
987 2418 1078 2449 Bake
