1843 2788
638 543 1112 590 PRAEFATIO

271 664 571 703 HYPERIDEM
604 670 760 712 totum,
782 664 921 716 qualis
959 664 1089 704 hodie
1126 665 1236 704 inter
1274 677 1349 704 nos
1380 669 1536 710 exstat,

212 721 423 774 Aegypto
446 721 665 762 debemus.
729 721 840 762 Cum
863 722 977 761 enim
1007 722 1175 762 codices
1206 720 1265 761 illi
1297 721 1371 774 qui
1397 720 1465 760 vel
1495 721 1536 760 in

213 779 380 819 decimo
413 785 540 819 sexto
576 793 617 831 p.
649 779 694 820 C.
732 779 901 820 saeculo
934 779 976 818 in
1009 778 1285 819 bibliothecis
1324 777 1535 818 Matthaei

211 836 383 877 Corvini
406 850 455 877 ac
476 836 593 876 Pauli
617 837 898 877 Bornemizae
919 836 1129 877 nominati
1153 843 1251 877 sunt
1273 849 1385 876 nunc
1408 834 1535 889 plane

213 893 460 940 interierint,
473 907 584 934 nova
593 908 690 946 spes
705 894 947 934 orationum
963 894 1053 934 eius
1071 894 1464 947 recuperandarum
1481 906 1536 932 ex

211 951 376 991 harenis
392 950 676 1003 Aegyptiacis
699 950 872 1001 effulsit,
889 953 1001 992 unde
1025 952 1134 992 inter
1155 951 1386 1005 sexaginta
1402 964 1538 991 annos

211 1022 290 1049 sex
322 1009 545 1056 orationes,
568 1009 634 1049 vel
669 1011 913 1050 orationum
946 1017 1104 1062 partes,
1128 1009 1250 1050 nobis
1285 1008 1537 1061 optantibus

215 1067 405 1107 redditae
427 1073 537 1106 sunt.

272 1124 498 1165 Orationes
541 1124 646 1165 istae
682 1124 831 1165 rotulis
871 1131 1074 1177 quattuor
1115 1122 1368 1176 papyraceis
1402 1122 1538 1163 conti-

214 1189 376 1229 nentur,
410 1195 593 1234 quorum
640 1183 814 1222 nomina
848 1190 978 1235 atque
1012 1181 1205 1222 fortunas
1244 1180 1428 1220 breviter
1469 1179 1538 1219 hic

211 1252 430 1291 exponere
451 1246 634 1292 oportet.

272 1294 330 1341 Ji.
364 1296 654 1345 ArdenianuS,
679 1297 797 1337 cuius
820 1303 963 1349 partes
985 1309 1096 1336 nunc
1120 1296 1161 1335 in
1186 1295 1342 1336 Museo
1366 1295 1537 1335 Britan-

214 1354 310 1394 nico
336 1355 491 1406 papyri
524 1355 602 1393 108
632 1362 673 1395 et
706 1365 785 1407 115
816 1354 1062 1394 nominatae
1094 1359 1205 1403 sunt,
1237 1353 1399 1405 quippe
1428 1366 1538 1405 quae

214 1411 303 1452 fata
332 1412 500 1452 diversa
529 1425 755 1465 perpessae
787 1413 883 1452 sint.
948 1411 1092 1451 Prima
1119 1410 1232 1451 enim
1265 1410 1393 1451 rotuli
1426 1424 1537 1463 pars,

215 1470 254 1509 in
284 1482 370 1521 qua
401 1469 560 1522 scripta
589 1475 681 1510 erat
707 1469 844 1510 oratio
868 1470 908 1508 in
934 1468 1277 1509 Demosthenem
1300 1474 1342 1507 et
1371 1468 1536 1508 initium

213 1527 420 1567 orationis
462 1541 540 1580 pro
584 1527 877 1580 Lycophrone
919 1526 1104 1575 habitae,
1140 1526 1223 1565 iam
1262 1526 1388 1566 valde
1430 1525 1537 1566 dila-

215 1592 357 1625 cerata
408 1585 449 1624 in
503 1598 655 1625 manus
707 1585 764 1626 A.
813 1584 859 1624 C.
910 1584 1063 1624 Harris
1114 1584 1246 1633 venit,
1301 1589 1431 1636 atque
1483 1583 1538 1623 ab

214 1643 366 1683 eodem
393 1644 541 1695 ectypi
570 1656 651 1695 ope
680 1642 842 1695 publici
874 1642 974 1682 iuris
1001 1655 1116 1682 anno
1145 1656 1183 1695 p.
1209 1641 1255 1682 C.
1282 1640 1389 1690 1848
1424 1641 1539 1681 facta

216 1707 292 1750 est,
315 1700 429 1741 unde
460 1707 633 1740 textum
668 1700 1006 1754 fragmentorum
1042 1700 1276 1752 separatim
1310 1699 1538 1739 ediderunt

216 1757 392 1798 Boeckh
415 1755 577 1812 (1848),
594 1758 768 1810 Sauppe
792 1755 955 1813 (1848),
973 1757 1221 1809 Babington
1246 1755 1407 1809 (1850),
1423 1764 1537 1810 post-

215 1829 300 1867 que
328 1829 401 1856 eos
429 1815 502 1855 alii
532 1815 739 1857 nonnulli.
813 1816 915 1856 Pars
938 1822 1083 1856 autem
1108 1815 1234 1855 rotuli
1258 1814 1406 1864 altera,
1427 1827 1538 1867 quae

217 1873 346 1913 finem
369 1873 574 1914 orationis
606 1873 946 1927 Lycophroneae
979 1873 1278 1925 integramque
1312 1872 1538 1924 Euxenip-

218 1944 344 1984 peam
370 1930 514 1980 habet,
532 1945 557 1971 a
581 1931 770 1984 Iosepho
792 1931 946 1971 Arden
970 1938 1118 1983 empta
1140 1937 1215 1979 est,
1231 1930 1305 1983 qui
1328 1942 1424 1970 eam
1447 1931 1539 1970 viro

214 1990 450 2029 reverendo
501 1989 723 2030 Churchill
776 1988 1024 2041 Babington
1076 1989 1291 2028 edendam
1344 1988 1537 2028 tradidit.

218 2046 358 2087 Huius
379 2047 510 2087 editio
532 2047 730 2100 princeps
751 2060 864 2087 anno
892 2046 998 2100 1853
1022 2046 1267 2099 comparuit
1288 2061 1297 2094 3
1319 2053 1417 2098 post
1440 2058 1536 2085 eum

216 2105 466 2157 recognovit
499 2104 673 2151 Caesar,
707 2104 860 2151 Cobet,
895 2103 1177 2156 Comparetti‚
1200 2103 1284 2144 alii.
1349 2103 1538 2144 Rotulus

217 2162 344 2214 primi
381 2177 422 2216 p.
447 2162 494 2203 C.
518 2162 675 2203 saeculi
712 2163 912 2202 exeuntis
943 2175 1035 2202 esse
1062 2161 1244 2210 videtur,
1267 2161 1371 2202 satis
1402 2161 1537 2202 nitide

217 2220 415 2273 scriptus,
436 2220 549 2260 lectu
573 2220 720 2269 facilis,
743 2220 822 2260 nisi
845 2220 918 2261 ubi
949 2219 1135 2260 lacerato
1167 2232 1336 2272 papyro
1370 2219 1537 2259 litterae

215 2284 334 2318 totae
375 2285 573 2330 partesve
617 2278 852 2319 litterarum
895 2278 1129 2331 perierunt,
1171 2276 1285 2327 fidei,
1324 2283 1535 2330 quantum

215 2335 431 2376 aestimari
464 2343 621 2389 potest,
654 2337 805 2377 bonae.
879 2336 1142 2389 Fragmenta
1175 2334 1393 2383 nonnulla,
1426 2347 1537 2387 quae

216 2393 473 2434 retinuerant
503 2393 688 2445 Arabes,
720 2395 761 2434 in
794 2393 944 2434 rotulis
977 2393 1144 2435 ficticiis
1178 2392 1432 2445 composita,
1463 2393 1535 2445 qui

863 2466 901 2504 iii
