1843 2788
76 326 147 363 col.

73 993 145 1030 col.

74 1649 145 1687 col.

73 2251 145 2290 col.

187 152 244 188 IV
749 145 1114 184 ΥΠΕΡΕΙΔΟΎ

196 267 239 301 37
270 248 338 289 τὸν
364 251 486 299 δῆμον
513 249 575 289 καὶ
604 247 983 300 δασμολογήσαντες
1008 249 1098 291 τοὺς
1129 246 1319 302 ε’κ[εῖθεν].
1391 249 1478 290 ἔστι
1501 250 1589 303 γάρ,

173 322 239 377 29]
270 313 299 355 ὦ
320 314 456 367 ἄνδρες
478 316 671 361 δικασταί,
695 314 767 368 οὐχ
786 315 900 357 οὗτος
920 312 1123 369 [χρη]στὸς
1143 317 1319 366 πολίτης,
1342 317 1453 358 ὅστις
1473 319 1591 369 μικρὰ

271 381 360 423 δοὺς
385 382 509 422 πλείω
540 380 716 432 βλάπτει
739 382 788 422 τὰ
814 381 935 428 κοινά,
963 382 1042 423 οὐδ’
1068 383 1179 424 ὅστις
1205 383 1260 424 εἰς
1283 382 1327 422 τὸ
1353 385 1592 437 παραχρῆμα

271 447 317 498 ἐξ
356 448 488 488 ἀδίκου
524 449 693 500 πορίσας
733 447 925 489 κατέλυσε
960 451 1029 499 τῆς
1064 449 1218 490 πόλεως
1256 448 1324 498 τὴν
1362 450 1403 490 ἐκ
1443 450 1591 490 δικαίου

270 514 482 566 πρόσοδον,
510 514 602 554 ἀλλ’
632 516 707 568 ὅτῳ
740 513 852 565 μέλει
887 514 949 554 καὶ
978 518 1055 556 τῶν
1089 516 1142 557 εἰς
1174 514 1242 556 τὸν
1275 515 1411 556 ἔπειτα
1442 516 1589 570 χρόνον
1608 534 1625 565 5

270 580 482 632 ὠφελίμων
507 581 552 636 τῇ
579 581 695 621 πόλει
719 581 781 620 καὶ
810 583 878 631 τῆς
908 581 1089 632 ὁμονοίας
1118 585 1196 622 τῶν
1226 585 1400 622 πολιτῶν
1431 582 1492 622 καὶ
1521 584 1589 632 τῆς

269 646 385 697 δόξης
416 649 485 697 τῆς
517 646 718 698 ὑμετέρας·
756 648 809 687 ὧν
842 646 939 687 ἔνιοι
971 647 1016 687 οὗ
1049 648 1340 700 φροντίζουσιν,
1376 649 1481 688 ἀλλὰ
1513 651 1590 688 τῶν

269 712 537 765 ἐργαζομένων
573 713 858 765 ἀφαιρούμενοι
891 714 1035 765 πόρους
1069 714 1172 766 φασὶ
1205 714 1364 756 τούτους
1402 715 1587 767 πορίζειν,

269 780 434 831 ἀπορίαν
459 781 502 820 ἐν
521 780 566 836 τῇ
586 780 702 820 πόλει
719 779 1095 832 παρασκευάζοντες.
1156 781 1249 820 ὅταν
1275 782 1348 832 γὰρ
1367 779 1387 837 ἶ
1409 780 1589 833 φοβερὸν

269 845 312 885 τὸ
340 848 506 886 κτᾶσθαι
532 847 594 887 καὶ
621 847 843 898 φείδεσθαι,
871 847 928 889 τίς
953 846 1202 898 βουλήσεται
1229 847 1482 893 κινδυνεύειν;

195 928 239 970 33
335 913 507 955 Τούτους
542 914 613 963 μὲν
650 912 717 953 οὖν
752 914 850 955 ἴσως
887 913 931 952 οὐ
966 911 1100 968 ῥᾴδιόν
1136 914 1224 953 ἐστι
1261 916 1437 954 κωλῦσαι
1472 917 1591 954 ταῦτα

171 989 238 1043 30]
270 978 466 1030 πράττειν·
504 979 612 1029 ὑμεῖς
644 978 698 1026 δέ,
730 977 760 1019 ὦ
789 979 926 1031 ἄνδρες
956 981 1151 1029 δικασταί,
1186 980 1320 1031 ὥσπερ
1352 980 1413 1020 καὶ
1442 979 1590 1022 ἄλλους

268 1045 445 1087 πολλοὺς
476 1045 680 1086 σεσώκατε
709 1049 785 1086 τῶν
818 1049 991 1087 πολιτῶν
1024 1046 1164 1088 ἀδίκως
1198 1047 1252 1088 εἰς
1286 1046 1441 1098 ἀγῶνας
1473 1063 1588 1087 κατα-

269 1111 452 1158 στάντας,
479 1112 578 1152 οὕτω
605 1112 666 1152 καὶ
693 1111 927 1167 Εὐξενίππῳ
953 1111 1197 1162 βοηθήσατε,
1227 1112 1289 1152 καὶ
1317 1112 1369 1162 μὴ
1395 1113 1591 1164 περιίδητε

268 1177 382 1219 αὐτὸν
415 1178 478 1219 ε’πὶ
512 1178 711 1231 πράγματι
741 1178 899 1221 οὐδενὸς
930 1176 1024 1233 ἀξίῳ
1057 1179 1119 1219 καὶ
1149 1179 1384 1233 εἰσαγγελίᾳ
1416 1178 1588 1235 τοιαύτῃ,
1612 1197 1649 1229 ¹5

267 1243 291 1300 ᾗ
328 1244 371 1285 οὐ
407 1245 530 1295 μόνον
567 1244 634 1285 οὐκ
671 1245 810 1297 ἔνοχός
842 1246 966 1292 ἐστιν,
1005 1246 1112 1285 ἀλλὰ
1139 1246 1200 1286 καὶ
1237 1244 1332 1295 αὑτὴ
1366 1247 1469 1296 παρὰ
1502 1245 1592 1294 τοὺς

268 1311 410 1361 νόμους
437 1311 548 1352 ἐστὶν
574 1310 879 1363 εἰσηγγελμένη,
909 1312 972 1352 καὶ
997 1311 1093 1363 πρὸς
1118 1311 1268 1353 τούτοις
1292 1311 1356 1351 ὑπ’
1385 1312 1502 1352 αὐτοῦ
1525 1315 1592 1352 τοῦ

197 1401 240 1434 39
270 1378 486 1430 κατηγόρου
501 1378 648 1429 τρόπον
663 1379 750 1418 τινὰ
769 1377 1058 1429 ἀπολελυμένη.
1119 1377 1355 1430 εἰσήγγελκε
1380 1379 1453 1430 γὰρ
1473 1377 1591 1419 αὑτὸν

271 1444 519 1486 Πολύευκτος
554 1444 688 1496 λέγειν
719 1444 772 1495 μὴ
805 1446 854 1484 τὰ
886 1444 1028 1496 ἄριστα
1060 1448 1112 1499 τῷ
1146 1443 1252 1499 δήμῳ
1285 1448 1337 1499 τῷ
1371 1443 1591 1495 Ἀθηναίων

269 1509 452 1564 χρήματα
475 1510 736 1562 λαμβάνοντα
762 1512 824 1551 καὶ
850 1513 994 1563 δωρεᾶς
1019 1513 1123 1563 παρὰ
1147 1515 1225 1551 τῶν
1250 1511 1438 1551 τάναντία
1469 1527 1588 1561 πρατ-
1612 1530 1651 1553 20

269 1577 419 1618 τόντων
451 1581 503 1632 τῷ
541 1576 647 1632 δήμῳ
682 1581 733 1632 τῷ
765 1577 997 1627 Ἀθηναίων.
1070 1579 1103 1618 εἰ
1138 1580 1211 1628 μὲν
1242 1578 1310 1618 οὗν
1344 1576 1489 1628 ἔξωθεν
1522 1579 1590 1627 τῆς

173 1646 238 1699 31]
270 1644 423 1685 πόλεώς
448 1660 555 1685 τινας
578 1643 711 1700 ᾐτιᾶτο
738 1643 849 1690 εἶναι,
876 1643 965 1696 παρ’
984 1645 1039 1685 ὧν
1059 1646 1107 1684 τὰ
1126 1646 1230 1695 δῶρα
1255 1644 1449 1696 εἰληφότα
1466 1643 1587 1694 Εὐξέ-

270 1727 413 1751 νιππον
433 1711 772 1762 συναγωνίζεσθαι
791 1711 934 1756 αὐτοῖς,
958 1710 1005 1761 ἦν
1027 1710 1074 1751 ἂν
1095 1711 1196 1765 αὐτῷ
1218 1711 1342 1751 εἰπεῖν
1361 1711 1433 1756 ὅτι,
1458 1709 1589 1760 ἐπειδὴ

271 1777 439 1819 ἐκείνους
478 1777 545 1817 οὑκ
582 1776 669 1817 ἔστι
704 1775 1018 1828 τιμωρήσασθαι,
1060 1780 1120 1818 δεῖ
1155 1776 1244 1819 τοὺς
1284 1775 1421 1817 ἐνθάδε
1461 1776 1592 1818 αὐτοῖς

270 1845 557 1895 ὑπηρετοῦντας
581 1844 691 1893 δίκην
718 1846 861 1884 δοῦναι.
924 1847 992 1884 νῦν
1016 1846 1057 1884 δὲ
1078 1843 1310 1893 Ἀθηναίους
1331 1843 1457 1895 φησὶν
1477 1842 1589 1889 εἶναι,
1610 1864 1648 1895 25

270 1909 359 1962 παρ’
385 1912 439 1951 ὧν
471 1912 539 1953 τὰς
573 1912 718 1963 δωρεὰς
753 1910 961 1963 εἰληφέναι
993 1910 1123 1951 αὐτόν.
1195 1909 1280 1951 εἶτα
1312 1909 1375 1956 σύ,
1410 1909 1514 1962 ἔχων
1548 1910 1591 1949 ἐν

270 1977 315 2033 τῇ
342 1978 456 2018 πόλει
486 1977 575 2020 τοὺς
604 1977 818 2018 ὑπεναντία
851 1977 1094 2030 πράττοντας
1123 1980 1175 2031 τῷ
1206 1975 1326 2031 δήμῳ,
1354 1975 1398 2016 οὐ
1427 1976 1588 2032 τιμωρῇ,

271 2043 362 2084 ἀλλ’
390 2043 623 2099 Εὐξενίππῳ
651 2043 862 2096 πράγματα
886 2043 1090 2097 παρέχεις,·

195 2129 242 2161 40
339 2110 472 2164 Βραχὺ
506 2110 538 2151 δ’
569 2110 626 2151 ἔτι
659 2111 779 2151 εἰπὼν
814 2111 903 2163 περὶ
935 2113 1003 2161 τῆς
1032 2109 1174 2163 ψήφου
1206 2109 1251 2161 ἧς
1283 2110 1390 2161 ὑμεῖς
1421 2108 1591 2160 μέλλετε

274 2176 409 2229 φέρειν
427 2176 718 2229 καταβήσομαι.
779 2178 873 2218 ὅταν
892 2179 966 2230 γὰρ
985 2176 1171 2228 μέλλητε,
1190 2174 1219 2216 ὦ
1237 2176 1375 2229 ἄνδρες
1395 2177 1588 2222 δικασταί,
1609 2195 1650 2226 30

171 2248 241 2303 32]
272 2244 598 2297 διαψηφίζεσθαι,
627 2244 805 2286 κελεύετε
834 2245 924 2295 ὑμῖν
957 2244 1026 2285 τὸν
1054 2243 1283 2296 γραμματέα
1313 2244 1591 2295 ὑπαναγνῶναι

319 2365 330 2384 1
353 2357 472 2387 ἐκεῖθεν
487 2354 661 2394 Lightfoot
677 2365 683 2383 ε
710 2356 777 2385 ἐκεῖ
791 2353 924 2393 Kayser
999 2365 1017 2384 2
1035 2356 1178 2396 χρηστὸς
1197 2353 1311 2385 Meuss
1326 2363 1331 2383 :
1351 2354 1477 2394 ἄριστος
1493 2352 1587 2383 Bab..

271 2399 385 2429 ceteri.
478 2409 499 2437 9
523 2397 560 2440 ᾖ]
578 2411 617 2436 ην
634 2397 682 2435 R.
702 2407 787 2428 corr.
811 2397 892 2428 Bab.
985 2407 1024 2435 24
1052 2398 1173 2438 αὐτοῖς]
1189 2410 1300 2430 αυτους
1317 2395 1366 2435 R,
1384 2406 1468 2428 corr.
1484 2396 1565 2427 Bab.
