1843 2788
327 143 416 182 EX
461 142 955 184 ORATIONIRVS
1003 142 1433 184 DEPERDITIS

298 253 383 300 196.
422 253 629 305 Χαρακτὴρ
664 252 788 294 οὐδεὶς
825 253 985 293 ἔπεστιν
1023 254 1086 293 ἐπὶ
1122 255 1189 292 τοῦ
1225 252 1440 303 προσώπου
1475 253 1544 301 τῆς

223 319 396 359 διανοίας
442 322 524 360 τοῖς
572 319 804 371 ἀνθρώποις.
880 318 1038 376 [Clem.
1087 320 1220 361 Alex.
1275 319 1438 361 Slrom.
1489 319 1544 360 Vi.

227 386 304 427 col.
330 397 411 439 232
437 383 620 441 Migne.]

298 458 383 496 197.
420 452 485 504 Τῷ
509 452 582 501 μὲν
605 452 737 491 τοίνυν
764 451 844 496 Διί,
866 448 895 490 ὦ
919 449 1057 501 ἄνδρες
1082 450 1275 496 δικασταί,
1297 449 1319 499 ἡ
1347 449 1546 499 ἐπωνυμία

227 515 368 569 γέγονε
391 519 458 556 τοῦ
483 516 706 569 ἐλευθέριον
731 516 1102 568 προσαγορεύεσθαι
1126 517 1189 556 διὰ
1205 519 1248 555 τό
1274 515 1363 556 τοὺς
1389 513 1543 564 ἐξελευ-

227 581 361 635 θέρους
384 581 455 632 τὴν
481 584 605 624 στοὰν
620 585 876 634 οἰκοδομῆσαι
894 582 963 632 τὴν
987 583 1161 633 πλησίον
1187 581 1314 622 αὐτοῦ.
1388 577 1545 636 [Harp.

224 663 256 692 s.
272 664 310 692 v.
336 647 586 701 Ἐλευθέριος
611 645 739 701 Ζεύς.]

302 715 388 760 198.
425 713 530 766 Ἐγὼ
563 718 605 756 δὲ
637 716 726 756 οὔτε
758 715 951 768 δᾳδούχου
981 714 1175 766 θυγατέρα
1212 714 1290 766 ἔχω
1323 713 1412 753 οὔτε
1446 714 1546 765 ἱερο-

230 778 394 833 φάντου.
467 777 623 836 [Harp.
645 798 676 824 s.
693 798 731 825 v.
755 776 1020 833 ἱεροφάντης]

304 858 389 894 199.
427 846 573 899 (Ἀλλὰ
605 848 667 887 καὶ
702 847 794 899 κόρη
829 847 1002 897 νόμισμα
1034 845 1124 898 παρ’
1155 845 1381 895 Ἀθηναίοις
1410 844 1470 895 ἦν,
1499 844 1550 886 ὡς

229 912 320 953 ‘Tm
348 913 486 965 φησίν,
513 917 565 967 τῷ
595 914 735 967 παιδίῳ
765 915 834 963 τῆς
866 914 908 953 ἐν
939 916 1139 964 Βραυρῶνι
1173 912 1314 964 ἱερείας
1345 915 1421 951 τῶν
1454 911 1547 951 ἀνα-

232 978 414 1030 θημάτων
441 996 478 1019 τι
507 980 678 1030 λαβόντι
703 981 1009 1032 παραβληθῆναι
1037 978 1168 1030 λέγων
1197 978 1260 1018 ἐπὶ
1290 978 1405 1031 πείρᾳ
1434 976 1548 1017 συνέ-

234 1062 336 1087 σεως
372 1046 490 1097 κόρην
528 1046 589 1085 καὶ
627 1045 935 1098 τετράδραχμον,
976 1044 1136 1094 κάπειδὴ
1174 1044 1219 1084 τὸ
1254 1042 1551 1096 τετράδραχμον

234 1112 374 1158 εἵλετο,
401 1111 512 1162 δόξαι
536 1111 748 1163 διακρίνειν
767 1111 839 1162 ἤδη
864 1114 907 1151 τὸ
935 1110 1068 1163 κέρδος
1085 1107 1302 1160 δύνασθαι).
1375 1111 1552 1165 [Pollux

232 1172 291 1213 ix.
317 1167 402 1227 74]

305 1246 392 1272 200.
432 1235 642 1286 Κρεμάσας
667 1238 708 1276 ἐκ
729 1239 797 1276 τοῦ
824 1235 952 1276 κίονος
977 1233 1182 1286 ἐξέδειρεν,
1209 1235 1299 1274 ὅθεν
1326 1233 1388 1273 καὶ
1412 1233 1552 1284 μωλώ-

235 1318 319 1343 πων
345 1301 402 1342 ἔτι
427 1305 495 1342 νῦν
518 1301 562 1342 τὸ
588 1302 708 1355 δέρμα
733 1304 881 1353 μεστὸν
907 1301 1002 1355 ἔχει.
1076 1300 1256 1359 [Pollux
1280 1302 1334 1344 iii.
1360 1298 1446 1356 79]

308 1380 395 1404 201.
435 1369 511 1408 Καὶ
536 1369 587 1423 τῷ
615 1367 751 1410 σκέλει
774 1386 823 1419 με
847 1367 971 1420 ἠρέμα
995 1367 1194 1420 ἔκρουσεν.
1268 1364 1479 1424 [Antiatt.
1513 1367 1554 1406 in

239 1427 374 1470 Bekk.
397 1428 555 1470 Aneca’.
584 1440 675 1477 101,
701 1425 787 1484 23]

308 1503 395 1528 202.
435 1492 510 1532 Καὶ
549 1494 635 1543 ἐμοὶ
676 1495 747 1544 μὲν
790 1491 1004 1543 συμβάσης
1045 1490 1266 1543 ἀρρωστίας
1309 1489 1370 1529 καὶ
1408 1489 1554 1538 ὑπομο-

238 1558 403 1609 σθείσης
427 1559 569 1609 ταύτης
585 1562 653 1610 τῆς
668 1561 825 1612 γραφῆς
841 1556 1044 1609 ἆνεβλήθη
1066 1558 1086 1595 ὁ
1111 1556 1230 1609 ἀγών.
1296 1555 1462 1614 [Schol.
1481 1557 1555 1598 Ar.

238 1617 354 1660 Plut.
381 1630 432 1672 72
438 1615 498 1673 5.]

309 1694 395 1729 203.
434 1681 537 1732 (Tm
579 1682 599 1720 ὁ
639 1681 767 1734 ῥήτωρ
806 1684 948 1734 ἔφησε,
993 1681 1063 1731 τὴν
1105 1681 1278 1733 ἀγωνίαν
1316 1682 1384 1718 τοῦ
1425 1677 1558 1730 λέγειν

238 1746 360 1799 πέδην
385 1745 511 1798 εἶναι).
584 1741 729 1800 [Stob.
752 1751 868 1791 Flor.
894 1749 929 1798 8,
957 1746 1042 1805 16.]

309 1826 399 1860 204.
437 1812 692 1868 Ἀρχομένων
728 1817 788 1855 δεῖ
820 1818 898 1854 τῶν
935 1811 1182 1864 ἀδικημάτων
1220 1810 1457 1863 ἐμφράττειν
1491 1811 1559 1850 τὰς

240 1881 365 1922 ὁδούς·
416 1882 511 1922 ὅταν
553 1881 585 1921 δ’
628 1879 736 1931 ἅπαξ
773 1881 914 1936 ῥιζωθῇ
948 1880 1061 1919 κακία
1099 1879 1161 1919 καὶ
1197 1879 1349 1919 παλαιὰ
1384 1874 1556 1929 γένηται,

241 1947 414 2000 καθάπερ
442 1948 667 1999 σύντροφος
696 1948 909 1999 ἀρρωστία,
936 1946 1114 1999 χαλεπὸν
1143 1945 1262 1995 αὐτὴν
1295 1940 1557 1994 κατασβέσαι.

241 2005 388 2064 [Stob.
410 2008 524 2049 Flor.
547 2008 614 2057 46,
638 2009 663 2047 6
668 2004 725 2062 ἦ]

312 2083 400 2118 205.
439 2075 515 2112 Δεῖ
547 2071 618 2121 τὴν
648 2073 690 2112 ἐκ
723 2073 792 2121 τῆς
823 2071 946 2112 οἰκίας
980 2067 1292 2121 ἐκπορευομένην
1327 2069 1369 2107 ἐν
1400 2067 1560 2121 τοιαύτῃ

244 2137 487 2178 καταστάσει
504 2137 603 2179 εἶναι
627 2140 696 2188 τῆς
720 2137 886 2188 ἡλικίας,
908 2137 1010 2176 ὥστε
1035 2135 1124 2177 τοὺς
1141 2136 1395 2176 ἀπαντῶντας
1413 2132 1559 2173 πυνθά-

243 2206 394 2250 νεσθαι,
411 2204 462 2255 μὴ
479 2206 585 2246 τίνος
602 2205 687 2245 ἐστὶ
703 2202 814 2256 γυνή,
834 2204 940 2244 ἀλλὰ
955 2204 1062 2245 τίνος
1080 2200 1218 2253 μήτηρ.
1278 2200 1424 2259 [Stob.
1447 2200 1563 2242 Flor.

246 2276 311 2314 74,
335 2261 424 2320 33]

316 2328 400 2364 206-
436 2327 541 2370 Τοὺς
558 2330 630 2379 μὲν
646 2331 742 2380 πρὸς
761 2330 828 2369 τὸν
847 2327 969 2380 ἄνδρα
987 2329 1055 2367 τὸν
1076 2328 1214 2377 ἑαυτῆς
1234 2324 1387 2378 γυναικὶ
1409 2327 1562 2363 καλλω-

244 2394 414 2445 πισμοὺς
447 2396 552 2436 ὅπως
586 2394 774 2445 βούλοιτο
805 2394 880 2448 χρὴ
912 2395 1135 2446 γίγνεσθαι·
1186 2392 1276 2433 τοὺς
1311 2390 1445 2442 μέντοι
1476 2389 1565 2440 περὶ

291 2485 369 2506 Ηγρ.
1417 2471 1434 2501 6
