1843 2788
553 132 716 169 ΥΠΕΡ
766 119 1200 170 ΕΎΞΕΝΙΠΠΟὙ

220 236 347 278 πάντα
371 237 418 276 τὰ
443 235 652 281 ἀκόλουθα,
675 235 736 275 καὶ
762 235 912 285 κόσμου
938 233 1064 274 πολὺν
1085 234 1146 274 καὶ
1166 235 1364 284 πολυτελῆ
1391 239 1437 290 τῇ
1463 236 1537 287 θεῷ

222 301 607 354 παρασκευάσαντες,
631 301 693 341 καὶ
712 301 878 352 θεωρίαν
898 301 961 342 καὶ
980 301 1121 341 θυσίαν
1140 304 1302 341 πολλῶν
1326 299 1539 353 χρημάτων

223 370 544 414 ἀποστείλαντες,
566 366 867 418 ἐπεκοσμήσατε
891 371 935 407 τὸ
961 367 1047 408 ἕδος
1066 369 1134 417 τῆς
1156 367 1311 417 Διώνης
1337 365 1452 417 ἀξίως
1478 366 1539 406 καὶ

223 437 329 486 ὑμῶν
354 436 481 476 αὐτῶν
506 435 569 474 καὶ
593 436 661 484 τῆς
687 436 788 474 θεοῦ.
847 435 944 485 ὑπὲρ
962 433 1110 474 τούτων
1135 434 1225 484 ὑμῖν
1244 435 1291 473 τὰ
1311 431 1540 485 ἐγκλήματα

187 518 205 549 5
224 501 321 552 ἦλθε
349 500 439 551 παρ’
469 500 738 551 Ὀλυμπιάδος
767 501 809 540 ἐν
838 504 924 541 ταῖς
952 501 1197 549 ἐπιστολαῖς,
1224 499 1274 541 ὡς
1298 499 1320 550 ἡ
1346 499 1457 553 χώρα
1482 500 1538 548 ε’ίη

224 569 247 619 ἡ
274 568 480 608 Μολοττία
509 568 637 617 αὐτῆς,
667 568 709 608 ἐν
738 565 763 623 ᾗ
792 566 835 606 τὸ
866 567 971 619 ἱερόν
1001 568 1125 606 ἐστιν·
1164 566 1301 606 οὔκουν
1325 564 1541 617 προσήκειν

1569 130 1626 168 IV

223 635 324 686 ἡμᾶς
348 638 425 674 τῶν
449 635 532 674 ἐκεῖ
554 634 642 674 οὐδὲ
668 633 709 673 ἓν
737 637 869 674 κινεῖν.
942 634 1009 673 ἐὰν
1034 634 1105 683 μὲν
1129 633 1260 673 τοίνυν
1289 633 1336 672 τὰ
1362 633 1449 683 περὶ
1474 632 1543 682 τὴν
1572 640 1617 674 26

227 699 377 753 φιάλην
416 700 607 752 γεγονότα
644 701 686 740 ἐν
725 698 930 750 ἀδικήματι
967 700 1210 751 ψηφίσησθε
1250 698 1361 745 εἶναι,
1399 699 1545 751 τρόπον

226 768 314 808 τινὰ
334 767 397 807 καὶ
415 767 524 817 ἡμῶν
549 766 675 807 αὐτῶν
701 766 1074 818 καταγιγνώσκομεν
1095 765 1146 806 ὡς
1165 767 1213 805 τὰ
1232 767 1314 805 ἐκεῖ
1336 766 1403 806 οὐκ
1423 766 1547 817 ὀρθῶς

172 850 210 872 10
229 832 464 885 ἐπράξαμεν·
501 834 568 873 ἐὰν
588 832 619 873 δ’
636 833 700 873 ἐπὶ
719 836 786 872 τοῦ
805 831 1068 884 γεγενημένου
1090 833 1225 882 ἐῶμεν,
1242 833 1310 873 τὰς
1329 833 1547 886 τραγῳδίας

229 899 346 950 αὐτῆς
367 900 429 940 καὶ
447 901 517 940 τὰς
537 899 770 951 κατηγορίας
787 899 1032 954 ἀφῃρηκότες
1049 898 1233 949 ἐσόμεθα.
1275 898 1318 938 οὐ
1335 899 1408 950 γὰρ
1425 897 1549 948 δήπου

230 965 469 1016 Ὀλυμπιάδι
484 967 554 1016 μὲν
571 967 619 1005 τὰ
637 964 853 1015 Ἀθήνησιν
870 966 953 1016 ἱερὰ
969 966 1199 1015 ἐπικοσμεῖν
1216 963 1382 1014 ἔξεστιν,
1401 965 1492 1015 ἡμῖν
1508 966 1551 1004 δὲ

230 1034 278 1072 τὰ
298 1034 340 1073 ἐν
358 1032 532 1088 Δωδώνῃ
550 1032 617 1072 οὐκ
635 1030 809 1082 ἐξέσται,
829 1031 891 1072 καὶ
906 1035 1028 1071 ταῦτα
1046 1035 1112 1071 τοῦ
1132 1034 1222 1071 θεοῦ
1240 1030 1549 1082 προστάξαντος.

299 1098 412 1139 Ἀλλ’
433 1099 500 1139 οὐκ
521 1098 643 1144 ἔστιν,
666 1097 695 1138 ὦ
717 1098 957 1145 Πολύευκτε,
981 1097 1031 1140 ὡς
1057 1097 1143 1148 ἐμοὶ
1163 1100 1300 1144 δοκεῖς,
1323 1099 1412 1139 ὅθεν
1434 1114 1547 1147 κατη-

178 1183 214 1214 15
234 1167 371 1218 γορίαν
387 1165 454 1205 οὐκ
470 1165 518 1205 ἂν
535 1163 734 1215 ποιήσαιο.
796 1166 920 1205 καίτοι
936 1182 983 1205 σε
1000 1166 1134 1217 ἐχρῆν,
1153 1165 1313 1215 ἐπείπερ
1329 1162 1552 1221 προῄρησαι

233 1232 526 1278 πολιτεύεσθαι,
567 1231 628 1271 καὶ
664 1231 710 1281 νὴ
749 1233 828 1272 Δία
867 1232 928 1272 καὶ
964 1231 1142 1277 δύνασαι,
1180 1230 1231 1281 μὴ
1271 1232 1361 1273 τοὺς
1398 1231 1553 1272 ἰδιώτας

235 1299 379 1351 κρίνειν
414 1297 502 1349 μηδ’
537 1299 591 1339 εἰς
623 1298 782 1339 τούτους
815 1297 1097 1344 νεανιεύεσθαι,
1132 1298 1239 1338 ἀλλὰ
1270 1302 1347 1338 τῶν
1379 1298 1553 1350 ῥητόρων

234 1364 303 1406 ἐάν
321 1382 379 1408 τις
400 1366 525 1421 ἀδικῇ,
547 1368 685 1405 τοῦτον
706 1366 862 1417 κρίνειν,
883 1364 1102 1416 στρατηγὸς
1121 1363 1191 1404 ε’άν
1210 1381 1268 1406 τις
1286 1364 1337 1415 μὴ
1359 1365 1406 1404 τὰ
1425 1366 1555 1405 δίκαια

236 1431 397 1488 πράττῃ,
423 1435 560 1472 τοῦτον
586 1430 878 1483 εἰσαγγέλλειν·
914 1432 1018 1482 παρὰ
1043 1432 1116 1483 γὰρ
1135 1431 1287 1473 τούτοις
1312 1431 1399 1472 ἐστὶ
1424 1431 1486 1471 καὶ
1510 1430 1554 1470 τὸ

179 1516 217 1538 20
235 1499 429 1539 δύνασθαι
452 1497 650 1548 βλάπτειν
675 1497 746 1548 τὴν
771 1498 901 1543 πόλιν,
927 1498 1016 1537 ὅσοι
1045 1496 1093 1538 ἂν
1123 1497 1249 1538 αὐτῶν
1279 1502 1553 1549 προαιρῶνται,

236 1565 280 1605 οὐ
304 1564 394 1617 παρ’
419 1564 652 1619 Εὐξενίππῳ
679 1564 767 1604 οὐδὲ
792 1567 869 1604 τῶν
894 1567 1090 1604 δικαστῶν
1119 1564 1268 1605 τούτων
1295 1564 1433 1605 οὐδενί.
1495 1564 1557 1605 καὶ

237 1631 281 1671 οὐ
306 1633 353 1672 σὲ
377 1633 449 1682 μὲν
475 1632 597 1673 οὕτως
623 1632 752 1682 οἴομαι
777 1633 858 1672 δεῖν
883 1630 1080 1682 πράττειν,
1108 1629 1222 1672 αὐτὸς
1253 1633 1294 1671 δὲ
1318 1630 1445 1672 ἄλλον
1470 1632 1557 1672 τινὰ

236 1698 382 1749 τρόπον
401 1703 449 1754 τῇ
468 1697 649 1751 πολιτείᾳ
669 1696 872 1750 κέχρημαι,
895 1697 986 1737 ἀλλ’
1006 1696 1085 1737 οὐδ’
1102 1697 1217 1739 αὐτὸς
1237 1697 1393 1748 ἰδιώτην
1418 1697 1558 1738 οὐδένα

236 1764 395 1805 πώποτε
419 1766 461 1804 ἐν
486 1768 538 1818 τῷ
565 1765 641 1818 βίῳ
672 1764 816 1816 ἔκρινα,
843 1763 914 1815 ἤδη
946 1763 988 1804 δέ
1017 1780 1100 1804 τισι
1129 1763 1212 1804 καθ’
1237 1766 1335 1805 ὅσον
1365 1764 1558 1815 ἐδυνάμην

181 1851 218 1882 25
237 1830 456 1881 ἐβοήθησα.
528 1831 635 1873 τίνας
671 1831 738 1871 οὖν
777 1829 932 1882 κέκρικα
966 1831 1028 1871 καὶ
1061 1832 1116 1872 εἰς
1149 1831 1283 1883 ἀγῶνα
1315 1830 1556 1877 καθέστακα;

238 1897 549 1949 Ἀριστοφῶντα
572 1896 641 1938 τὸν
665 1896 858 1947 Ἃζηνιέα,
887 1896 928 1939 ὃς
955 1897 1214 1951 ἰσχυρότατος
1239 1899 1280 1938 ἐν
1305 1898 1351 1954 τῇ
1378 1898 1559 1951 πολιτείᾳ

238 1963 449 2017 γεγένηται
482 1963 561 2016 (καὶ
597 1964 709 2005 οὗτος
745 1965 787 2004 ἐν
823 1964 944 2019 τούτῳ
983 1968 1035 2018 τῷ
1074 1966 1310 2019 δικαστηρίῳ
1351 1965 1456 2016 παρὰ
1491 1965 1558 2005 δύο

238 2029 399 2082 ψήφους
432 2029 640 2083 ἀπέφυγε)·
686 2031 876 2080 Διοπείθη
910 2030 978 2071 τὸν
1011 2029 1226 2082 Σφήττιον,
1261 2031 1303 2073 ὃς
1336 2031 1559 2074 δεινότατος

240 2098 364 2138 ἐδόκει
390 2097 490 2138 εἶναι
513 2101 593 2138 τῶν
618 2098 660 2137 ἐν
679 2103 726 2154 τῇ
745 2098 874 2138 πόλει·
908 2096 1132 2148 Φιλοκράτη
1160 2098 1229 2139 τὸν
1247 2097 1498 2150 “Αγνούσιον,
1521 2097 1562 2139 ὃς

181 2186 222 2216 30
239 2163 465 2216 θρασύτατα
490 2164 551 2204 καὶ
577 2163 856 2216 ἀσελγέστατα
879 2164 926 2221 τῇ
952 2164 1132 2218 πολιτεία
1165 2163 1362 2219 κέχρηται.
1423 2168 1563 2205 τοῦτον

240 2231 496 2283 εἰσαγγείλας
532 2230 609 2282 ἐγὼ
645 2231 740 2282 ὑπὲρ
777 2231 832 2271 ὧν
868 2232 1056 2286 Φιλίππῳ
1094 2231 1325 2284 ὑπηρετήκει
1362 2233 1460 2272 κατὰ
1495 2233 1564 2281 τῆς

285 2342 305 2370 6
328 2354 347 2378 η
366 2347 538 2373 Μολοσσια
553 2339 601 2379 R,
623 2350 707 2371 corr.
732 2340 921 2378 Lightfoot;
946 2340 1009 2371 del.
1028 2342 1103 2378 Cb„
1122 2341 1178 2371 alii
1301 2341 1473 2381 προσήκειν
1490 2341 1560 2379 Cb.,

240 2383 296 2416 alii
313 2396 319 2414 :
343 2397 505 2425 προσηκεν
521 2384 558 2420 ,Β
694 2393 735 2423 25
760 2384 810 2415 καὶ
828 2407 834 2414 .
857 2407 864 2414 .
885 2407 892 2414 .
913 2383 1096 2416 καθέστακα
1112 2385 1176 2415 del.
1195 2384 1254 2415 Cb.
1394 2395 1437 2423 29
1462 2384 1564 2416 ἐδόκει

243 2428 388 2459 ὃεὴέΐει·
403 2439 410 2458 :
435 2430 566 2467 δοκειζῑί
658 2437 695 2465 31
726 2428 932 2467 ὑπηρετήκει]
949 2440 1150 2469 υπηρετεικαι
1163 2428 1211 2466 R,
1227 2438 1312 2459 corr.
1327 2428 1541 2459 Schoemann
1559 2439 1565 2458 z

244 2470 393 2513 ὑπηρέτει
410 2473 478 2512 χκαὶ
495 2471 620 2509 deleto)
639 2471 666 2502 B

1575 702 1665 756 [col.
1690 706 1740 740 20

1579 1118 1622 1151 27

1585 1304 1673 1358 [col.
1698 1308 1744 1343 21

1586 1572 1630 1606 28

1591 1967 1680 2021 [col.
1705 1971 1754 2006 22

1592 2049 1635 2082 29
