1843 2788
598 129 757 166 KATA
806 129 1198 167 ΦΙΛΙΠΠΙΔΟΤ

236 231 290 277 δέ,
319 232 454 283 ὥσπερ
479 235 560 273 τοῖς
585 236 662 272 τῶν
685 232 1032 284 ψευδομαρτυρίων
1058 231 1115 273 δὶς
1139 231 1340 281 ἡλωκόσιν
1366 231 1555 271 δεδώκατε

235 299 343 348 ὑμεῖς
375 302 418 338 τὸ
453 299 582 350 τρίτον
617 298 670 348 μὴ
705 302 912 350 μαρτυρεῖν
947 297 1036 348 μηδ’
1073 299 1130 339 οἷς
1163 297 1210 338 ἂν
1244 296 1554 349 παραγένωνται,

237 365 300 404 ἵνα
331 364 468 414 μηδενὶ
500 368 578 405 τῶν
607 368 783 405 πολιτῶν
811 363 836 420 ᾗ
866 364 910 404 τὸ
941 364 1129 416 ὑμέτερον
1157 366 1308 414 πλῆθος
1337 365 1462 404 αἴτιον
1491 366 1557 402 τοῦ

236 430 470 481 ἠτιμῶσθαι,
505 430 596 471 ἀλλ’
631 428 775 483 αι’)[τὸς]
808 424 950 485 αῗὺ]τῷ,
983 430 1031 471 ἂν
1063 430 1115 481 μὴ
1150 431 1319 480 παύηται
1350 432 1398 470 τὰ
1429 431 1556 481 ψευδῆ

200 512 217 543 5
235 500 452 549 μαρτυρῶν,
475 497 574 537 οὕτω
602 498 664 538 καὶ
688 501 770 539 τοῖς
789 497 966 547 ἡλωκόσι
987 497 1224 548 παρανόμων
1240 496 1395 547 ἔξεστιν
1419 495 1557 546 μηκέτι

236 562 419 616 γράφειν,
447 564 480 604 εἷ
505 565 547 604 δὲ
571 562 636 614 μή,
664 564 786 614 δῆλόν
811 565 921 604 ἐστιν
951 564 1011 604 ὅτι
1042 564 1140 604 ἰδίου
1169 563 1274 605 τινὸς
1304 563 1419 604 ἕνεκα
1443 565 1557 602 τοῦτο

237 633 432 670 ποιοῦσιν·
483 630 588 670 ὥστε
623 629 690 670 οὐκ
727 631 857 670 οἴκτου
890 632 926 670 οἱ
961 633 1130 670 τοιοῦτοι
1166 629 1269 680 ἄξιοί
1304 631 1418 675 εἰσιν,
1452 629 1557 669 ἀλλὰ

237 697 434 748 τιμωρίας.
505 697 568 737 ἵνα
606 699 647 737 δὲ
685 696 736 747 μὴ
777 696 1016 748 προθέμενος
1060 695 1155 748 πρὸς
1195 695 1377 749 ἀμφορέα
1418 696 1557 736 ὕδατος

238 763 362 803 εἰπεῖν
386 767 636 815 μακρολογῶ,
666 763 685 802 ὁ
710 765 781 813 μὲν
806 762 1055 815 γραμματεὺς
1080 763 1170 813 ὑμῖν
1195 762 1469 814 ἀναγνώσεται
1487 760 1557 811 τὴν

182 841 219 864 10
237 829 395 881 γραφὴν
420 829 555 870 πάλιν·
596 831 704 880 ὑμεῖς
730 832 771 870 δὲ
795 833 873 870 τῶν
897 846 940 870 τε
966 828 1293 881 κατηγορημένων
1318 826 1558 879 μεμνημένοι

238 895 299 935 καὶ
318 899 396 936 τῶν
422 896 552 947 νόμων
577 896 817 937 ἀκούσαντες
840 894 1262 948 ἀναγιγνωσκομένων,
1291 894 1338 935 τά
1363 912 1405 935 τε
1430 895 1559 934 δίκαια

236 962 299 1001 καὶ
323 963 370 1001 τὰ
396 961 653 1014 συμφέροντα
678 963 768 1013 ὑμῖν
793 962 924 1004 αὐτοῖς
949 962 1191 1014 ψηφίζεσθε.

283 1080 295 1100 1
330 1070 621 1112 ψευδομαρτυρίων]
649 1070 676 1101 Β
708 1071 788 1101 citat
818 1070 902 1100 Plat.
933 1070 1057 1100 Theacl.
1088 1070 1187 1108 148ss
1213 1070 1326 1111 ἔνοχος
1355 1072 1421 1102 τοῖς
1449 1071 1560 1110 ψευδο-

235 1114 417 1155 μαρτυρίοις
548 1124 569 1154 9
593 1115 692 1146 εἷπεῖν
711 1113 776 1151 2²¹:
802 1117 948 1151 δεησειεν
964 1112 1012 1151 2*

1589 129 1628 167 II

1593 710 1631 743 13

1590 829 1678 882 [col.
1697 833 1718 866 9
